3194 5154
284 355 346 422 112
759 355 815 417 Lex
833 355 983 465 Quinctia.¹

369 591 403 606 ..
429 539 514 626 [viro
537 538 716 605 adulterum
745 541 780 604 in
803 564 901 606 uxore
923 547 982 608 'sua
1004 543 1252 628 deprehensum,
1284 566 1379 631 quem
1401 548 1458 611 aut

281 646 365 710 nolit
387 651 443 710 aut
465 669 530 711 non
553 646 656 725 liceat,
680 646 829 726 occidere,
853 648 988 713 retinere
1011 650 1105 716 horas
1122 651 1251 719 diurnas
1267 658 1457 718 nocturnas-

281 774 343 837 que
375 753 541 816 continuas
570 773 634 816 non
665 751 737 835 plus
766 773 862 836 quam
892 750 966 838 XX]
1000 756 1163 822 testandae
1193 758 1260 822 eius
1283 759 1329 823 rei
1350 759 1458 842 gratia

283 858 363 941 [sine
386 857 497 921 fraude
519 879 576 920 sua
598 856 667 920 iure
689 854 850 942 linctu.)

361 962 466 1036 Ecap.
481 960 551 1020 VII.
574 957 739 1038 (Ulpianus
756 962 774 1018 t.
790 960 833 1018 ΙΙ
848 961 884 1020 de
899 961 1067 1023 melnen
1077 986 1087 1022 .·
1109 963 1195 1042 Legis
1209 965 1305 1024 Iulias
1319 964 1356 1024 de
1370 965 1456 1025 adul·

284 1059 365 1117 teriis
385 1058 480 1132 capite
501 1056 626 1132 septimo
647 1059 690 1114 ita
708 1057 855 1134 cavetur)

369 1206 402 1224 ..
427 1177 467 1220 ne
490 1156 560 1240 quis
584 1155 667 1220 inter
689 1175 759 1218 reos
782 1154 900 1219 referat
922 1177 1010 1235 eum,
1041 1157 1095 1241 qui
1118 1161 1187 1223 tum
1209 1160 1278 1225 sine
1300 1159 1457 1225 detrecta-

283 1262 370 1328 tione
392 1261 438 1326 rei
461 1260 606 1345 publicae
629 1281 723 1324 carisa
746 1258 903 1324 aberit..

371 1367 404 1425 Ε
413 1385 477 1441 cap.
487 1369 545 1425 tue.
564 1365 729 1441 (Ulpianus
744 1365 763 1423 l.
775 1362 830 1422 1V
839 1365 875 1422 de
891 1365 1077 1424 aduttertts':
1096 1400 1135 1410 —
1155 1367 1202 1426 lex
1216 1368 1259 1426 ita
1272 1368 1371 1428 locuta
1384 1371 1457 1443 eat:)

371 1515 378 1529 .
395 1515 402 1527 .
419 1514 425 1527 .
443 1464 512 1549 [qui
528 1484 657 1527 uxorem
680 1462 714 1525 in
729 1460 885 1525 adulterio
903 1461 1130 1546 deprehensam
1145 1465 1339 1551 retinuerit)
1363 1466 1455 1530 adul-

284 1578 388 1636 terum
411 1571 445 1633 in
467 1569 561 1634 domo
584 1566 815 1651 deprehensum
837 1566 1002 1648 dimiserit,
1026 1617 1060 1632 ..

360 1765 411 1830 22.
446 1762 526 1828 Lex
549 1760 757 1838 Quinctia
779 1761 826 1825 de
848 1761 1197 1845 aquaeductibus
1230 1786 1259 1829 a.
1284 1763 1384 1830 745³.

370 1911 407 1977 Τ.
432 1911 597 1988 Quinctius
620 1908 783 1993 Crispinus
813 1910 946 1975 consui*
982 1910 1136 1994 populum
1158 1912 1227 1977 iure
1250 1915 1376 1998 rogavit
1399 1937 1458 1999 po·

286 2018 443 2104 putusque
465 2018 533 2081 iure
556 2017 649 2082 scirit
671 2017 705 2079 in
727 2015 797 2079 foro
820 2038 879 2100 pro
902 2017 1013 2081 rostris
1035 2017 1121 2082 aedis
1143 2019 1209 2083 divi
1231 2018 1306 2084 Iulii
1327 2020 1458 2108 pr(idie)

287 2124 361 2212 [U]
384 2122 493 2189 Iulias.
527 2120 660 2187 'fribus‘
676 2118 789 2207 Sergia
803 2121 997 2206 principium
1012 2121 1085 2203 fuit,
1107 2145 1167 2207 pre
1182 2123 1270 2190 tribu
1284 2123 1346 2192 Sex
1347 2175 1458 2192 ......

286 2230 319 2295 L.
344 2230 367 2295 f.
391 2227 487 2295 Virro
507 2228 647 2313 [primus
670 2226 803 2311 scivit⁷].

251 2357 275 2407 5.
372 2337 570 2420 Quicumque
593 2338 666 2418 post
688 2333 771 2397 hanc
793 2333 896 2417 legem
920 2337 1067 2417 rogatam
1089 2333 1174 2398 rivos
1196 2357 1307 2419 specus
1319 2335 1458 2401 fornices

284 2441 409 2506 fistulas
439 2440 568 2505 tubulos
600 2438 730 2504 castella
760 2437 847 2503 lacus
880 2447 1034 2522 aquarum
1063 2437 1280 2521 publicarum,
1314 2463 1395 2525 quae
1418 2441 1458 2505 ad

285 2547 395 2613 urbem
420 2544 596 2633 [Remaffl]
621 2545 780 2608 ducuntur
803 2542 998 2627 [ducentur]‚
1032 2543 1132 2607 sciens
1155 2544 1229 2609 dolo
1256 2544 1342 2609 malo
1368 2545 1456 2610 fora-

285 2653 367 2718 verit
398 2652 521 2735 ruperit
552 2651 686 2714 feranda
717 2649 930 2732 rumpendave
962 2648 1120 2712 curaverit
1142 2649 1305 2732 peiorave⁹
1335 2650 1457 2730 fecerit,

286 2780 349 2842 quo
375 2758 480 2822 minus
503 2779 557 2822 eae
580 2752 714 2841 aquae¹⁰
744 2776 891 2818 carumve
915 2775 996 2838 quae
1019 2754 1179 2838 quaqua¹¹
1201 2754 1236 2818 in
1258 2754 1369 2818 urbem
1391 2753 1458 2818 uo-

236 2881 276 2934 10.
288 2885 373 2927 mam
395 2864 442 2927 ire
458 2863 567 2927 cadere
582 2859 713 2926 fluere¹²
735 2860 900 2943 pervenire
916 2858 1019 2923 duci¹³
1037 2857 1175 2943 [possit]
1199 2881 1301 2944 quove
1316 2858 1457 2924 minus¹⁴

285 2970 320 3034 in
341 2969 420 3034 urbe
443 2966 546 3033 Roma
580 2973 613 3033 et
633 2968 667 3031 in
689 2966 729 3030 iis
752 2964 903 3030 aedificiis
920 2963 958 3042 ¹⁶,
991 2986 1072 3049 quae
1094 2963 1238 3029 aedificia
1259 2965 1332 3029 urbi
1353 2963 1457 3029 conti·

287 3075 396 3140 nentia
419 3077 494 3139 sunt
516 3078 619 3153 erunt,
642 3073 676 3137 in
698 3072 726 3136 is
748 3071 850 3135 hortis
874 3070 1010 3153 praediis
1024 3068 1112 3150 locis,
1136 3091 1272 3154 quorum
1286 3069 1456 3134 hortorum

358 3237 383 3301 1)
401 3231 439 3287 1).
457 3232 680 3299 rs,5‚1c(15),1.2.
698 3251 734 3267 h
750 3229 778 3296 a)
796 3225 834 3282 D.
852 3227 1026 3294 asennec),
1042 3241 1085 3294 pr.
1117 3224 1159 3295 cs.
1179 3225 1259 3280 Pau.
1276 3231 1341 3281 sent.
1359 3229 1459 3294 aare.

289 3320 354 3376 eorl.
373 3323 467 3388 4,12‚7.
497 3349 529 3364 ν-
558 3318 583 3386 3)
603 3316 679 3371 Haec
702 3316 744 3368 lec
761 3331 779 3368 a
798 3313 934 3367 Frontino
957 3314 987 3366 iu
1005 3312 1102 3366 ruam
1119 3312 1152 3366 de
1169 3314 1247 3382 apuu
1264 3313 1339 3368 wbia
1357 3313 1460 3367 Rornae

288 3427 308 3465 c.
327 3412 378 3464 129
395 3413 500 3476 recepta
518 3406 636 3460 omnium
651 3403 749 3472 populi
765 3401 885 3456 Murci
911 3402 996 3471 tepens
1013 3417 1070 3454 rura
1087 3401 1191 3470 tauma
1209 3417 1269 3454 caan
1282 3401 1365 3470 plera
1379 3416 1460 3469 prae

286 3498 429 3566 scaptione
446 3493 548 3549 cadite
560 3498 604 3547 est.
637 3491 748 3546 reuma
760 3495 914 3559 cumptum
926 3488 1072 3544 eamme&
1089 3493 1114 3542 et
1125 3488 1256 3557 supplerit
1267 3488 1413 3542 Buecheler
1429 3489 1461 3542 ia

288 3587 327 3642 ed.
337 3584 468 3639 Frentani
484 3599 509 3637 a.
519 3584 594 3649 1858,
612 3580 658 3636 sed
673 3595 739 3634 usus
755 3579 934 3648 recoquitioue
951 3576 1175 3631 limoticinensis
1192 3591 1247 3630 scu
1257 3577 1366 3644 aptista,
1378 3591 1461 3644 quam

287 3669 621 3740 emcnducttfflecptecitque
643 3666 810 3735 Petscheuiq,
835 3664 941 3719 Wiener
958 3662 1071 3718 Studien
1100 3666 1116 3716 6
1136 3665 1226 3729 (1884)
1248 3679 1276 3732 p.
1297 3665 1351 3716 249
1368 3679 1407 3731 aq.
1425 3691 1458 3700 -

287 3765 314 3831 4)
333 3764 363 3816 in
382 3756 574 3826 hratulccdc'cis
592 3756 674 3810 trium
692 3749 847 3822 (senocto)
866 3753 1017 3807 linearum
1034 3750 1104 3804 uitat
1121 3751 1225 3806 uidetur
1242 3750 1414 3806 incestare.
1425 3779 1459 3788 -

287 3851 315 3919 5)
333 3849 360 3902 k.
379 3847 472 3916 deficit.
502 3875 535 3885 -
564 3845 592 3912 6)
610 3843 698 3897 tribui
717 3842 805 3897 codex.
833 3871 869 3880 —
888 3844 913 3906 1)
932 3857 983 3910 pro
1000 3839 1078 3894 tribu
1095 3855 1149 3894 sex.
1168 3839 1188 3895 1.
1207 3839 1227 3896 f.
1246 3838 1322 3894 uirrc
1339 3838 1460 3893 aureus

286 3939 369 3993 nattis
390 3933 654 4006 smnitcutu'codec.
676 3962 703 3972 —
726 3933 754 4001 8)
773 3930 834 3984 Hoc
851 3931 908 3984 loco
927 3934 952 3983 et
969 3929 1089 3998 deinceps
1105 3928 1132 3982 ai
1145 3943 1199 3996 pru
1209 3927 1380 3996 reperiam
1390 3926 1461 3979 iuter

288 4042 371 4082 uncos
395 4024 542 4095 pudeatne
566 4036 650 4090 seqre
668 4019 833 4074 contrarium
851 4017 1008 4072 adnotatum
1026 4023 1078 4086 ert,
1106 4015 1201 4070 additu
1216 4019 1280 4069 aaut
1296 4029 1352 4068 uec
1369 4013 1461 4068 mate

288 4133 318 4172 eo
336 4117 393 4170 loco
410 4113 505 4168 codice.
525 4140 559 4150 -
577 4109 604 4173 9)
620 4108 778 4178 peioremve
797 4106 853 4161 cod.
872 4134 907 4146 -
928 4105 970 4174 10)
988 4120 1037 4159 eae
1055 4102 1155 4173 aquae]
1175 4120 1209 4157 ea
1227 4119 1260 4158 ea
1277 4117 1334 4172 qua
1353 4101 1410 4156 cod.
1424 4131 1460 4141 -

290 4206 331 4271 ll)
349 4200 472 4272 quaqua]
493 4200 649 4266 Manassen,
667 4214 724 4268 qua
741 4196 796 4253 cod.
815 4225 849 4234 —
869 4194 912 4263 12)
931 4192 993 4246 fluis
1012 4192 1068 4247 cod.
1088 4223 1121 4232 —
1142 4192 1184 4261 13)
1202 4189 1267 4245 duei
1285 4189 1342 4244 cod.
1361 4219 1396 4230 -
1417 4191 1460 4259 14)

287 4309 387 4347 manus
406 4291 461 4345 cod.
481 4320 514 4330 -—
534 4290 577 4359 15)
588 4286 719 4342 aedificiis
733 4285 887 4351 anmscrr,
905 4281 972 4338 locis
982 4281 1053 4347 ccd.,·
1071 4278 1102 4334 in
1113 4278 1147 4332 iis
1160 4277 1227 4334 locis
1240 4276 1373 4332 aedificiis
1387 4293 1460 4346 quae

287 4381 348 4435 loca
373 4376 500 4434 aedificia
525 4376 683 4443 Bueciwler3
709 4373 755 4429 scd
772 4371 845 4442 qaod
866 4372 986 4439 caudae
1009 4368 1072 4422 urbi
1100 4365 1276 4424 continentia
1298 4366 1364 4420 sors
1387 4365 1459 4420 aedi-

286 4470 355 4546 ficiis
372 4478 442 4529 reete
459 4465 589 4522 cucuma.
