3256 5154
284 349 348 414 208
728 346 830 401 Edicta
846 348 1019 416 praetorum.

368 524 397 588 d.
432 523 502 601 Quo
524 523 629 588 minus
660 523 710 588 illi
739 523 792 590 via
814 523 943 608 publica
964 523 1118 588 itinereve
1140 524 1268 608 publioo
1290 525 1338 590 ire
1361 546 1456 610 agere

279 629 383 710 lineat,
406 631 471 696 vim
492 629 562 697 fieri
584 630 684 697 vetos

368 758 393 802 e.
424 735 494 813 Quo
516 737 622 801 minus
644 735 713 801 loeo
735 735 873 822 publico,
898 737 1045 821 quomis,
1069 736 1121 801 oui
1136 735 1260 800 locandi
1282 735 1455 816 maduerit,

281 840 452 906 fruendum
475 839 571 906 alicui
592 840 719 922 locavit,
742 841 772 907 ei
795 841 851 927 qui
873 842 1025 907 conduxit
1048 841 1170 907 sooiove
1193 841 1260 907 eius
1282 841 1385 926 alege
1408 841 1456 905 lo-

281 947 415 1012 cationis
437 946 503 1012 frui
526 947 629 1027 liceat,
652 947 718 1012 vim
740 947 810 1012 fieri
830 945 930 1013 veto².

367 1052 390 1118 f.
426 1051 495 1128 Quo
516 1052 622 1117 minus
654 1050 702 1116 illi
724 1051 810 1116 viam
832 1051 994 1136 publicam
1024 1052 1124 1116 iterve
1146 1051 1310 1135 publicum
1333 1050 1456 1136 aperire

281 1158 408 1224 reficere
429 1159 539 1239 liceat,
568 1159 644 1223 dum
666 1180 706 1224 ne
728 1179 765 1223 ea
787 1156 841 1221 via
863 1156 936 1223 idve
959 1158 1021 1224 iter
1043 1155 1181 1223 deterius
1203 1154 1272 1235 fiat,
1295 1155 1360 1220 vim
1384 1154 1456 1220 fieri

281 1262 381 1330 veto⁸.
1307 1276 1313 1285 '

232 1389 262 1422 ⁶⁸-
370 1369 402 1432 4.
424 1390 453 1434 a.
491 1367 542 1434 Ne
564 1368 640 1453 quid
663 1367 697 1432 in
719 1367 901 1433 flumina
922 1367 1094 1454 pnblioo
1117 1367 1269 1451 ripave
1290 1366 1382 1431 eius
1405 1364 1455 1430 fa·

280 1473 345 1538 aias
375 1495 453 1538 neve
485 1474 562 1559 quid
583 1474 618 1538 in
640 1473 771 1538 flumine
792 1472 921 1558 publioo
952 1495 1030 1540 neve
1051 1474 1086 1538 in
1108 1473 1180 1559 ripa
1200 1472 1267 1539 eius
1288 1471 1455 1551 immittas,

283 1601 346 1663 quo
368 1578 466 1644 statio
489 1578 590 1644 iterve
611 1579 741 1664 navigio
763 1579 900 1645 deterior
922 1580 965 1646 sit
987 1579 1072 1644 fiae.

368 1683 400 1746 b.
432 1681 524 1759 Quod
545 1668 734 1750 influmine
755 1685 884 1770 publieo
906 1686 1016 1770 ripave
1039 1686 1105 1751 eius
1128 1680 1266 1750 faotnm⁶
1289 1682 1356 1748 sive
1379 1683 1456 1765 quid

279 1789 314 1852 in
336 1789 368 1853 id
391 1787 510 1854 flumen
533 1789 675 1874 ripamve
703 1788 771 1855 eins
799 1789 978 1856 immissum
1001 1791 1118 1872 habes,
1150 1809 1212 1874 qno
1235 1786 1333 1853 statio
1354 1787 1456 1853 iterve

280 1879 409 1978 navigio
432 1893 569 1959 deterior
590 1893 634 1959 sit
655 1893 723 1975 fiat,
747 1895 924 1961 restituas⁶.

368 2020 394 2062 o.
418 1996 457 2064 In
478 1998 610 2065 flumine
631 1998 758 2085 publioo
780 2001 853 2067 inve
875 2001 946 2087 ripa
960 2001 1026 2068 eius
1042 1999 1145 2065 faeere
1167 1999 1272 2064 autin
1287 1997 1320 2064 id
1335 1997 1454 2064 flumen

280 2102 422 2188 ripamve
452 2104 520 2170 eius
551 2104 742 2187 immittere,
772 2128 836 2190 quo
866 2107 961 2172 aliter
990 2129 1074 2192 aqua
1095 2105 1196 2186 fluat,
1230 2127 1326 2189 quam
1348 2104 1454 2191 priore

280 2212 400 2274 aestate
422 2209 527 2291 fluxit,
549 2209 649 2278 veto'.

367 2314 397 2379 d.
434 2313 525 2391 Quod
555 2315 589 2388 in
612 2316 744 2382 flumine
766 2316 894 2404 publico
917 2316 1026 2401 ripave
1057 2315 1124 2382 eius
1146 2315 1268 2381 foetum
1289 2315 1356 2382 sive
1379 2314 1455 2400 quid

279 2419 314 2482 in
336 2419 371 2484 td
392 2420 511 2488 flumen
534 2421 679 2507 ripamve
701 2423 768 2489 eius
783 2422 961 2488 immissum
975 2420 1084 2501 habes,
1107 2421 1135 2486 si
1156 2420 1197 2487 ob
1212 2420 1247 2485 id
1262 2420 1355 2486 aliter
1370 2442 1455 2505 aqua

279 2524 361 2605 fluit,
385 2529 481 2610 atque
504 2526 552 2590 uti
574 2527 680 2612 priore
703 2531 824 2594 aestate
845 2526 948 2607 fluxit,
971 2524 1147 2592 restituas⁸.

367 2653 393 2696 e.
430 2630 499 2708 Quo
521 2632 628 2697 minus
660 2633 709 2698 illi
739 2635 774 2698 in
796 2633 928 2698 flumine
948 2631 1076 2717 publioo
1099 2652 1213 2697 navem
1235 2634 1337 2697 ratem
1359 2650 1455 2715 agere

280 2757 382 2821 quove
405 2735 511 2801 minus
532 2759 590 2821 per
611 2737 715 2823 ripam
737 2740 805 2804 aas
827 2759 958 2804 onerare
980 2758 1150 2803 exonerare
1172 2737 1276 2817 lineat,
1299 2736 1364 2801 vim
1384 2735 1454 2800 fiori

280 2844 360 2907 veto.
398 2842 494 2924 item,
526 2846 564 2908 ut
594 2867 652 2929 per
674 2845 777 2909 laeum
800 2842 919 2910 fossam
942 2846 1093 2928 stagnum
1115 2842 1279 2927 publicum
1301 2842 1454 2927 navigare

279 2940 383 3029 liceat,
406 2948 621 3014 interdicam⁹.

366 3053 389 3119 f.
427 3053 497 3131 Quo
525 3055 631 3122 minus
662 3054 712 3119 illi
742 3055 777 3119 in
809 3054 940 3119 flumine
970 3051 1098 3139 publico
1135 3053 1244 3137 ripave
1281 3053 1347 3120 eius
1371 3075 1451 3139 opus

280 3157 384 3224 faeere
405 3159 493 3243 ripae
516 3160 626 3246 agrive
648 3160 703 3246 qui
718 3162 802 3226 oiroa
824 3161 927 3245 ripam
950 3162 998 3225 est
1013 3157 1123 3224 tuendi
1139 3180 1234 3224 eausa
1248 3159 1353 3240 lineat,
1376 3159 1452 3223 dnm

280 3285 319 3328 na
341 3263 382 3328 ob
405 3262 438 3328 id
459 3265 624 3351 navigatio
647 3265 788 3331 deterior
810 3265 877 3345 fiat,
901 3265 928 3330 si
950 3263 1011 3328 tibi
1033 3263 1143 3328 damni
1163 3263 1275 3329 infecti
1296 3265 1331 3328 in
1353 3286 1453 3331 annos

279 3368 386 3433 desem
408 3368 469 3434 viri
503 3370 579 3436 boni
612 3371 770 3436 arbitratu
803 3370 854 3435 vel
877 3374 1005 3434 cautum
1035 3368 1085 3435 vel
1108 3369 1297 3434 satisdatum
1328 3372 1376 3434 est
1398 3371 1455 3432 aut

280 3473 449 3558 perillum
472 3497 537 3540 non
559 3479 635 3556 stat,
659 3498 722 3562 quo
745 3477 851 3541 minus
874 3475 936 3541 viri
958 3474 1034 3539 boni
1057 3474 1215 3539 arbitratu
1231 3476 1380 3539 caveatur
1402 3471 1452 3539 vel

281 3577 462 3660 satisdator,
485 3580 550 3645 vim
572 3581 642 3646 fieri
664 3580 781 3647 veto¹⁰.

218 3685 261 3763 {23
371 3683 401 3748 6.
425 3705 453 3749 a.
484 3682 603 3751 Unde
624 3686 659 3750 in
681 3687 741 3752 hoo
763 3707 847 3750 anno
869 3688 906 3749 tu
930 3683 1021 3749 illum
1043 3685 1076 3750 vi
1099 3683 1238 3750 deiecisti
1261 3686 1318 3748 aut
1332 3683 1456 3748 familia

280 3793 338 3854 tua
368 3788 531 3869 deiecit²¹,
565 3811 638 3856 oum
668 3790 724 3856 ille
744 3789 936 3876 possiderat,
970 3792 1054 3876 quod
1078 3812 1137 3856 neo
1160 3789 1191 3855 vi
1213 3812 1271 3854 neo
1293 3790 1374 3854 olam
1395 3811 1455 3855 neo

280 3893 422 3982 precario
445 3916 465 3959 a
485 3899 518 3961 te
539 3894 758 3981 possideretffl,
782 3919 818 3962 eo
839 3896 931 3963 illum
955 3919 1098 3982 quaeque
1120 3896 1174 3962 ille
1189 3900 1266 3961 tuno
1279 3895 1326 3959 ibi
1340 3895 1455 3959 habuit

351 4087 377 4157 1)
394 4087 433 4141 D.
450 4089 589 4157 rasam
608 4118 642 4128 -
660 4089 688 4158 a)
705 4087 743 4144 D.
761 4089 848 4156 saar
861 4104 905 4157 pr.
924 4119 958 4130 -
976 4089 1004 4158 a)
1021 4087 1060 4144 D.
1077 4090 1177 4155 sarar
1191 4101 1235 4155 pr.
1254 4115 1289 4124 -
1307 4085 1334 4154 s)
1352 4083 1391 4142 D.
1409 4089 1453 4154 43,

280 4179 341 4242 rar
354 4192 399 4245 pr.
418 4205 452 4216 -
470 4175 498 4247 5)
516 4175 594 4230 mor.
613 4176 677 4242 fisa
696 4177 731 4246 cf.
750 4175 788 4230 D.
806 4179 969 4244 43,12,1‚22.
987 4207 1019 4215 -
1039 4177 1068 4246 o)
1086 4174 1156 4229 Da.
1175 4176 1240 4242 1‚19.
1259 4202 1293 4211 —
1313 4173 1339 4242 v)
1359 4171 1397 4228 D.
1410 4176 1455 4241 43,

279 4261 580 4334 13,1pr.-8jlbid.
601 4264 994 4333 1‚11.-9)D.43,14,1pr.
1013 4293 1047 4304 —
1069 4261 1110 4332 10)
1129 4261 1338 4330 D.43,1⁵,1pr.
1357 4289 1392 4301 -
1411 4261 1456 4330 ll)

281 4349 317 4404 D.
336 4353 496 4421 43‚16,1pr.
532 4351 647 4408 Veterem
670 4353 727 4408 eiua
745 4352 881 4406 oleosaloe
901 4353 1094 4421 ooeaoepte'ooem
1117 4349 1220 4406 exhibet
1245 4349 1299 4406 osc.
1316 4366 1343 4418 p.
1365 4347 1456 4404 Mlio

279 4440 362 4508 19,44.
391 4469 423 4478 -
452 4440 496 4509 12)
515 4439 569 4497 Oia.
587 4441 604 4495 1.
623 4457 655 4510 e,
678 4457 702 4495 v.
721 4439 757 4496 D.
776 4439 807 4492 P.
821 4456 851 4510 p.
869 4442 920 4494 3⁷1
936 4455 990 4509 sqq.
