3184 5156
600 1209 872 1294 EXPLIOATIO

534 1347 698 1408 suenorum
718 1350 758 1406 ετ
775 1348 938 1407 scissus.

218 1529 341 1584 muare
358 1525 478 1581 macac
499 1523 529 1578 in
547 1525 629 1578 textu
645 1523 858 1594 inscriptionum
877 1523 1059 1596 distinguunt
1076 1543 1149 1599 quae
1167 1543 1185 1581 a
1206 1528 1321 1583 traditis

142 1619 197 1673 aut
215 1615 352 1670 differunt
379 1615 430 1667 aut
449 1612 564 1676 absunt,
591 1611 661 1667 item
679 1611 783 1666 Latina
799 1629 881 1667 versa
899 1629 914 1668 e
932 1613 1060 1684 Graecis3
1088 1616 1118 1670 in
1137 1617 1322 1673 adnotatione

143 1723 180 1761 aa
200 1720 274 1774 quae
292 1704 360 1756 sunt
377 1699 500 1756 editoris.

219 1788 317 1861 [Uncis
336 1787 497 1857 quadratis]
519 1786 550 1840 in
568 1785 735 1856 scriptorum
758 1786 825 1842 locis
844 1788 1059 1858 distinguuntur
1082 1809 1100 1846 a
1117 1792 1232 1846 traditis
1251 1810 1322 1862 quae

145 1877 285 1934 differunt
310 1879 361 1931 aut
380 1874 577 1930 desiderantur
600 1874 707 1928 scilicet
723 1874 851 1944 potiora3
878 1875 909 1929 in
927 1879 1007 1931 textu
1025 1878 1248 1948 inscriptionum,
1272 1880 1321 1934 ubi

144 1967 218 2022 hacc
247 1980 375 2035 expressa
402 1965 468 2016 sunt
495 1961 599 2017 litteris
625 1961 755 2028 cursivis,
782 1979 866 2020 uncos
890 1981 936 2020 eos
959 1966 1160 2036 supplementis
1183 1968 1319 2032 omnibus,

147 2051 392 2110 emendationibus
410 2049 506 2124 paucis
525 2049 711 2121 apposuimus.
1067 2058 1069 2064 ·

219 2139 316 2212 (Uncis
333 2139 473 2208 rotundis)
492 2139 522 2193 in
540 2141 621 2194 textu
639 2137 837 2208 comprehensa
855 2141 921 2194 sunt
933 2140 1098 2210 compendia
1114 2142 1157 2197 ita
1172 2143 1271 2208 soluta,
1290 2143 1321 2197 in

146 2229 332 2286 adnotatione
350 2229 453 2284 Latina
470 2245 552 2282 versa
569 2243 584 2282 e
601 2225 722 2281 Graecis.

219 2317 341 2374 Lineolis
359 2316 502 2372 subductis
521 2315 694 2386 signavimus
713 2331 785 2384 quae
803 2314 834 2369 in
852 2314 968 2370 traditis
989 2316 1108 2371 delenda
1124 2315 1265 2372 ridentur.

218 2405 378 2460 Puncta..
397 2433 430 2460 i.
450 2404 611 2474 significant
637 2402 723 2458 verba
748 2403 793 2457 vel
820 2403 932 2456 litteras
955 2403 986 2457 in
1011 2403 1126 2459 traditis
1151 2407 1201 2459 aut
1227 2404 1319 2461 deesse

147 2494 199 2548 aut
217 2493 275 2562 legi
294 2511 350 2549 non
367 2510 446 2563 posse
464 2509 553 2562 neque
570 2491 639 2546 satis
658 2492 734 2546 certo
751 2507 830 2561 posse
848 2491 979 2560 suppleri.

220 2579 336 2637 Lineola
352 2611 388 2621 -
407 2580 548 2651 significat
565 2579 705 2649 quaedam
723 2596 756 2634 ex
774 2577 889 2633 traditis
907 2579 1009 2635 omissa
1027 2596 1093 2636 esse.

217 2669 335 2740 Signum
348 2690 395 2738 Ν
408 2669 439 2724 in
456 2671 536 2724 textu
553 2665 768 2738 inscriptionum
785 2667 894 2722 indicat
910 2667 942 2722 in
959 2667 1112 2738 archetypo
1131 2669 1243 2737 partem
1257 2685 1318 2723 ver-

145 2776 191 2813 sus
211 2774 331 2814 vacuam
349 2774 415 2814 esse.

219 2845 347 2902 Lineolae
372 2847 465 2900 rectae
489 2849 493 2914 Ι
515 2844 546 2899 in
564 2845 645 2900 textu
667 2843 880 2915 inscriptionum
903 2845 1049 2917 archetypi
1067 2863 1162 2902 versus
1180 2844 1317 2912 indicant,

145 2935 231 2990 binae
248 2934 370 2991 lineolae
387 2935 401 3006 ΙΙ
420 2935 471 2989 aut
487 2932 602 2988 initium
621 2948 712 2988 novae
729 2933 846 2988 tabulae
863 2933 1026 3003 significant
1045 2935 1096 2989 aut
1114 2933 1152 2989 ad
1170 2950 1317 2989 numerum

145 3023 178 3078 in
196 3023 326 3095 margine
344 3025 475 3081 notatum
494 3021 655 3077 referendae
673 3021 748 3076 sunt.

145 3197 197 3254 Ak.
216 3198 289 3255 Abh.
307 3221 343 3248 =
361 3197 555 3254 airademische
573 3197 815 3268 Abhandlungen:

215 3285 288 3341 Berl.
301 3287 345 3342 ak.
357 3285 429 3342 Abii.
438 3308 474 3334 =
483 3285 555 3340 Abh„
569 3285 595 3340 d.
608 3285 732 3340 Berliner
741 3283 830 3339 Akad.
841 3283 1043 3350 d.Wissensch.‚
1056 3285 1204 3356 phin-hist.
1212 3285 1314 3343 Classe.

217 3373 327 3430 Miiuch.
348 3373 393 3430 ak.
412 3374 484 3429 Abh.
501 3395 537 3420 =
554 3372 625 3426 Abh.
644 3371 670 3426 d.
691 3370 802 3426 Muneh.
821 3371 873 3424 Ak.
892 3371 918 3426 d.
937 3372 990 3438 W„
1009 3371 1220 3444 philos-philol.
1239 3374 1279 3429 01.

145 3461 252 3516 Annali
269 3483 305 3508 =
322 3461 421 3516 annali
439 3459 503 3515 dell'
522 3460 655 3516 instituto
673 3459 702 3514 di
720 3459 953 3530 corrispondenaa
971 3460 1172 3531 archeologioa.

144 3549 206 3603 Ber.
224 3570 260 3596 =
276 3548 412 3606 Berichte.

216 3637 288 3692 Berl.
307 3636 368 3692 Ber.
386 3658 422 3683 =
441 3635 611 3692 Monatsbsr.
631 3636 657 3690 d.
676 3635 749 3690 Berl.
768 3635 859 3690 Akad.
878 3636 904 3691 d.
924 3636 1091 3692 Wissensch.

217 3724 307 3795 Leipr.
327 3725 390 3779 Ber.
407 3745 443 3772 =
460 3724 522 3780 Ber.
541 3724 586 3778 ub.
606 3724 632 3778 d.
644 3724 758 3778 Verhdl.
778 3723 804 3778 d.
818 3723 909 3778 Stichs.
923 3724 986 3780 Ges.
1005 3722 1094 3790 dw„
1113 3724 1261 3794 piis-hic.
1274 3728 1314 3783 cl.

215 3812 305 3868 Wien.
324 3812 385 3868 Ber.
404 3836 440 3861 =
457 3811 645 3882 Sitzungsber.
664 3811 690 3866 d.
710 3810 823 3866 Wiener
841 3811 892 3866 Ak.
911 3811 938 3866 d.
955 3813 1000 3867 W.

143 3899 172 3953 C.
188 3900 210 3956 Ι.
222 3897 252 3954 L.
263 3922 299 3948 =
310 3901 415 3970 Corpus
426 3899 640 3970 inscriptionum
651 3898 817 3954 Latinarum
829 3897 944 3955 oonsflio
958 3898 1037 3954 acad.
1049 3899 1136 3955 litter.
1148 3900 1256 3956 Boruss.
1270 3901 1313 3955 ed.

145 3988 280 4056 Grati:
297 3987 411 4044 Gruteri
428 3988 577 4042 thesaurus
594 3986 675 4042 inser.
695 3985 736 4042 ed.
757 3987 778 4044 1.
799 3987 874 4044 1602.
895 3987 937 4042 cd.
955 3986 992 4044 11.
1012 3989 1088 4045 1707.

144 4077 258 4144 Haencl,
278 4077 382 4148 (terpus
400 4077 497 4147 legum
516 4076 552 4130 ab
569 4074 637 4146 imp.
658 4075 737 4131 Rom.
757 4077 823 4130 anta
841 4074 940 4132 lustin.
959 4075 1094 4130 latarum.
1113 4074 1189 4129 1857.

143 4163 235 4218 Haub.
253 4187 288 4212 =
303 4163 442 4228 Haubold,
470 4161 651 4232 antiquitatis
669 4162 748 4218 Rom.
767 4164 949 4218 monumenta
966 4161 1082 4232 legalia,
1109 4161 1152 4216 eda
1171 4160 1311 4232 Spargen-

214 4252 290 4321 berg.
317 4253 392 4308 1830.

144 4342 266 4405 Hermas,
285 4339 415 4396 Zeitschr.
435 4340 456 4394 f.
473 4341 558 4399 klass.
577 4339 742 4412 Philologie,
762 4340 827 4398 inde
845 4342 882 4398 ab
901 4360 926 4398 a.
948 4341 1025 4400 1866.

144 4432 198 4492 flu.-
215 4455 250 4483 =
268 4429 405 4490 Hudthlffl·
