3256 5154
273 367 338 434 214
729 365 830 421 Edicta
849 363 991 421 aedilium.

191 562 252 598 nar.
323 573 325 580 ⁴
364 543 414 606 12.
445 541 798 626 leoperisnovi
821 541 1131 608 nuntiatione1.

191 649 253 728 3322}
364 649 414 712 13.
446 645 595 710 Damni
618 643 806 711 infecti2.

508 822 537 886 2.
583 819 734 886 Edicta
757 821 960 886 aedilium
986 823 1222 889 curulium.

194 969 263 1047 ,33¹5
364 963 393 1028 1.
427 963 482 1029 De
514 961 753 1045 mancipiis
787 961 1052 1027 vendundis‘.
1097 963 1159 1040 Qui
1181 967 1338 1051 mancipia
1370 991 1448 1033 ven·

196 1111 200 1117 ·
275 1072 365 1149 dunt,
396 1069 544 1133 certiores
567 1066 688 1131 faciant
710 1070 877 1149 emptores,
902 1068 978 1151 quid
1002 1069 1105 1133 morbi
1127 1069 1237 1136 vitiive
1259 1071 1372 1156 cuique
1394 1073 1447 1150 sit,

276 1176 347 1260 quis
377 1173 533 1258 fugitivus
564 1193 673 1237 errove
703 1172 746 1236 sit
775 1194 897 1237 noxave
931 1172 1053 1238 solutus
1087 1197 1151 1239 non
1182 1176 1240 1241 sit:
1275 1177 1446 1261 eademque

275 1277 382 1344 omnia
413 1299 484 1342 cum
513 1299 549 1342 ea
571 1275 730 1360 mancipia
761 1277 932 1357 venibunt,
963 1279 1069 1361 palam
1100 1285 1184 1346 recte
1206 1283 1446 1365 pronuntiante.

276 1385 361 1469 quod
393 1384 420 1447 si
449 1381 642 1466 mancipium
675 1382 824 1446 adversus
854 1403 891 1446 ea
925 1383 1061 1448 venisset
1093 1385 1158 1450 sive
1192 1387 1340 1452 adversus
1364 1389 1449 1471 quod

276 1491 395 1554 dictum
425 1489 654 1573 promissumve
688 1487 802 1566 luerit,
834 1478 906 1552 cum
941 1489 1078 1569 veniret,
1110 1490 1238 1569 fuisset,
1271 1493 1355 1575 quod
1378 1493 1446 1556 eius

276 1593 433 1679 praestari
456 1595 602 1677 oportere
626 1591 765 1655 dicetur:
789 1592 924 1674 emptori
947 1594 1166 1678 omnibusque,
1191 1596 1230 1660 ad
1247 1618 1325 1680 quos
1348 1619 1385 1662 ea
1399 1620 1449 1662 res

277 1699 432 1783 pertinet,
467 1697 618 1761 iudicium
649 1696 810 1776 dabimus,
843 1701 879 1761 ut
902 1698 934 1761 id
957 1701 1149 1783 mancipium
1172 1701 1391 1781 redhibeatur,
1422 1704 1450 1767 si

279 1803 355 1886 quid
378 1807 483 1866 autem
506 1806 580 1884 post
603 1800 817 1899 venditionem
839 1802 1106 1888 traditionemque
1139 1807 1276 1871 deterius
1299 1808 1450 1890 emptoris

278 1930 374 1992 opera
401 1905 541 1970 familiae
573 1906 825 1990 procuratorisve
855 1906 921 1971 eius
949 1907 1070 1972 factum
1102 1912 1180 1991 erit,
1212 1912 1278 1976 sive
1311 1911 1449 1995 quidex

279 2037 315 2078 eo
337 2017 409 2099 post
433 2011 645 2077 venditionem
667 2015 778 2074 natum
802 2011 997 2095 adquisitum
1020 2015 1126 2096 fuerit,
1159 2020 1191 2081 et
1213 2017 1239 2080 si
1263 2016 1339 2101 quid
1361 2015 1448 2081 aliud

279 2120 313 2184 in
336 2117 517 2184 venditione
540 2116 568 2181 ei
591 2114 766 2193 accesserit,
790 2115 855 2179 sive
878 2116 955 2199 quid
978 2139 1015 2181 ex
1035 2139 1071 2182 ea
1086 2141 1120 2184 re
1135 2119 1257 2184 fructus
1272 2121 1450 2204 pervenerit

281 2226 526 2308 ademptorem,
560 2225 597 2285 ut
620 2243 657 2284 ea
679 2220 785 2284 omnia
807 2221 966 2302 restituat,
993 2223 1080 2302 item,
1111 2225 1138 2289 si
1161 2247 1239 2310 quas
1262 2226 1451 2290 accessiones

281 2331 347 2414 ipse
371 2327 577 2413 praestiterit,
601 2330 637 2390 ut
659 2326 799 2409 recipiat.
833 2325 914 2391 Item
933 2328 959 2392 si
975 2329 1057 2412 quod
1076 2331 1266 2415 mancipium
1282 2331 1451 2414 capitalem

281 2435 424 2499 fraudem
448 2432 620 2511 admiserit,
643 2432 756 2495 mortis
778 2431 1015 2498 consciscendae
1038 2434 1099 2498 sibi
1122 2456 1216 2500 causa
1238 2435 1314 2520 quid
1331 2435 1452 2518 fecerit,

282 2541 354 2604 inve
376 2539 528 2603 harenam
555 2535 757 2621 depugnandi
784 2558 878 2602 causa
905 2538 945 2601 ad
976 2538 1092 2604 bestias
1123 2541 1321 2605 intromissus
1344 2539 1453 2621 luerit,

282 2669 318 2711 ea
341 2645 448 2709 omnia
469 2645 503 2708 in
526 2643 706 2708 venditione
727 2643 972 2725 pronuntianto:
1003 2666 1041 2708 ex
1063 2645 1114 2710 his
1137 2645 1220 2709 enim
1243 2644 1345 2709 causis
1366 2645 1450 2710 iudi-

283 2751 367 2815 cium
397 2748 551 2812 dabimus.
587 2745 656 2811 Hoc
679 2747 831 2831 amplius,
863 2748 890 2812 si
921 2748 992 2832 quis
1020 2751 1168 2816 adversus
1199 2773 1236 2816 ea
1258 2749 1357 2815 sciens
1380 2752 1453 2818 dolo

284 2857 368 2921 malo
392 2853 567 2919 vendidisse
589 2853 720 2932 dicetur,
743 2853 893 2917 iudicium
917 2853 1089 2919 dabimusl.

227 2981 262 3038 21
372 2960 401 3022 2.
440 2959 507 3042 (De
527 2960 695 3040 iumentis.)
739 2957 801 3034 Qui
822 2959 965 3032 iumenta
988 2962 1138 3040 vendunt,
1169 2961 1276 3044 palam
1298 2963 1382 3024 recte
1404 2961 1452 3025 di-

283 3071 387 3145 cuuto,
412 3066 488 3150 quid
510 3065 544 3128 in
568 3088 692 3150 quoque
715 3088 823 3130 eorum
847 3066 950 3129 morbi
974 3065 1105 3151 vitiique
1132 3067 1184 3146 sit,
1207 3067 1318 3151 utique
1333 3066 1453 3150 optime

284 3175 397 3237 oruata
425 3170 580 3236 vendendi
610 3194 704 3236 causa
732 3170 870 3249 fuerint,
900 3171 947 3236 ita
977 3171 1172 3255 emptoribus
1201 3171 1377 3236 tradantur.
1424 3172 1452 3235 si

285 3278 360 3363 quid
383 3277 430 3341 ita
452 3275 573 3341 factum
595 3299 659 3341 non
684 3276 755 3356 erit,
779 3277 817 3341 de
839 3277 1033 3369 ornamentis
1048 3276 1454 3342 restituendis-iumentisve

285 3386 543 3450 ornamentorum
578 3382 706 3446 nomine
728 3381 930 3446 redhibendis
961 3382 994 3445 in
1018 3381 1128 3446 diebus
1150 3379 1326 3466 sexaginta,
1348 3380 1453 3445 morbi

286 3495 392 3555 autem
415 3486 525 3552 vitiive
547 3509 641 3551 causa
664 3487 815 3570 inemptis
837 3486 989 3552 faciendis
1012 3487 1046 3550 in
1062 3509 1116 3552 sex
1131 3486 1302 3566 mensibus,
1325 3486 1375 3550 vel
1391 3509 1453 3570 quo

286 3594 417 3660 minoris
447 3615 519 3658 cum
549 3594 694 3658 venirent
727 3591 857 3672 luerint,
887 3592 921 3656 in
944 3614 1027 3656 anno
1061 3592 1212 3657 iudicium
1234 3590 1387 3656 dabimus.
1427 3591 1454 3656 si

285 3701 427 3765 iumenta
458 3699 548 3782 paria
578 3698 673 3763 simul
706 3697 863 3762 venierint
895 3701 927 3762 et
950 3697 1086 3762 alterum
1118 3698 1151 3762 in
1175 3720 1211 3763 ea
1233 3719 1327 3762 causa
1347 3695 1455 3776 fuerit,

359 3924 384 3995 l)
401 3925 439 3979 D.
460 3927 605 3991 39,1,13‚1,·
622 3923 741 3986 45‚1,4,2.
768 3953 798 3959 -
827 3921 853 3986 2)
872 3921 910 3974 D.
928 3921 1047 3986 45,1‚4‚2.
1065 3951 1101 3960 —
1118 3922 1145 3992 3)
1165 3921 1200 3976 Ε.
1220 3922 1251 3976 P.
1269 3925 1338 3986 m,
1357 3921 1405 3974 uti
1420 3937 1454 3976 ex

291 4013 403 4083 Ulpiani
421 4012 497 4066 lebria
514 4011 550 4064 Π
566 4010 603 4064 od
618 4009 657 4064 ed.
676 4010 733 4063 aed
751 4026 807 4063 cim.
820 4015 924 4078 receptu
941 4016 1012 4064 aunt.
1032 4041 1065 4051 —
1082 4012 1111 4078 4)
1130 4011 1197 4066 Geli.
1210 4013 1293 4074 4,2,1:
1314 4008 1352 4062 ‘in
1363 4007 1455 4064 edicto

287 4099 421 4155 aedilium
440 4099 587 4162 curulium,
606 4113 663 4166 qua
682 4100 765 4166 parte
783 4097 818 4150 de
835 4095 983 4165 mancipiis
1001 4096 1158 4152 vendundis
1175 4099 1288 4151 cautum
1307 4098 1367 4150 eet!
1378 4127 1408 4136 -
1430 4101 1455 4162 5)

286 4188 324 4240 D.
345 4189 430 4252 21,1‚1
446 4202 490 4254 pr.
526 4184 678 4238 Exordium
695 4185 789 4238 ueteris
806 4184 887 4238 edicti
903 4185 977 4252 opud
994 4184 1062 4239 Geli.
1080 4188 1125 4248 4,2
1142 4186 1182 4238 itu
1198 4185 1329 4253 refertur:
1347 4183 1456 4237 ‘titulus

287 4291 424 4329 seruorum
451 4273 626 4342 singulorum
650 4273 768 4342 scriptus
791 4270 829 4324 sit
855 4273 952 4326 curato
979 4270 1034 4335 ita,
1062 4273 1095 4326 ut
1113 4270 1240 4339 intellegi
1267 4271 1341 4323 recte
1360 4269 1454 4338 possit,

286 4359 361 4429 quid’
381 4363 428 4415 rel.
464 4361 610 4416 Fornulue
635 4360 823 4416 redimimur
843 4364 949 4428 parem
968 4359 1052 4412 ertit.
1081 4358 1118 4413 D.
1136 4360 1269 4426 21‚z,25,9.
1307 4356 1349 4425 Of.
1368 4355 1405 4409 E.
1423 4357 1454 4412 P.

285 4465 313 4519 p.
330 4450 389 4502 437.
