3184 5156
619 361 708 432 Leges
726 359 831 431 regiae
1298 361 1319 430 '1

146 550 200 627 τῆς
221 542 331 620 οὐσίας
353 546 450 610 αὐτοῦ
472 545 508 607 τδ
532 543 587 627 μέν
609 551 664 626 τῆς
686 543 837 626 γυναικός
859 542 946 623 είναι,
969 545 1006 606 τό
1029 542 1065 607 δέ
1087 552 1143 630 τῆς
1158 542 1323 630 Δήμητρος

148 647 227 731 ἱερόν
251 649 412 715 κελεύων·
436 652 489 713 τόν
515 647 543 712 δ’
557 646 752 730 ἀποδόμενον
767 656 904 732 γυναῖκα
919 647 1057 714 θύεσθαι
1070 649 1211 734 χθονίοις
1226 651 1324 728 θεοῖς.

233 758 286 823 10.
310 756 409 822 Βίου.
425 753 618 841 (2‚26.27):²
643 750 693 839 (Ὁ
708 751 882 837 Ῥωμύλος)
903 755 1028 818 ἅπασαν
1045 792 1088 802 -
1103 754 1223 821 ἔδωκεν
1239 754 1323 836 ticc-

146 861 213 926 σίαν
241 864 338 947 πατρί
360 859 438 928 καθ’
460 860 543 943 υίοῦ,
574 861 630 923 καί
651 861 740 942 παρὰ
762 859 866 922 πάντα
887 861 940 922 τόν
962 866 1018 923 τοῦ
1041 859 1109 945 βίου
1131 861 1246 945 χρόνον
1269 862 1324 928 ἐάν

145 988 177 1032 τε
199 969 330 1052 εἴργειν,
354 967 408 1032 ἐοίν
431 988 465 1030 τε
487 972 666 1050 μαστιγοῦν,
690 964 745 1030 ἐάν
768 985 803 1028 τε
825 962 951 1048 δέσμιον
975 965 1026 1028 tul
1047 973 1108 1030 τῶν
1131 965 1202 1030 κατ’
1224 968 1323 1052 ἀγρόν

148 1073 248 1160 ἔργων
270 1072 437 1158 κατέχειν,
468 1071 522 1136 ἐάν
550 1093 585 1136 τε
607 1068 852 1134 ἀποκτιννύναι’
874 1078 1072 1155 προαιρῆται
1097 1109 1137 1120 -
1161 1071 1245 1138 ἀλλά
1267 1075 1324 1138 καί

121 1265 123 1272 Ι
146 1177 261 1243 πωλεῖν
291 1179 392 1264 ἐφῆκε
422 1181 476 1242 τόν
508 1177 574 1244 υίόν
601 1185 646 1262 τῷ
669 1177 773 1260 πατρί,
797 1213 840 1222 -
861 1177 917 1240 καί
938 1182 1032 1240 τοῦτο
1055 1175 1257 1264 συνεχώρησε
1278 1186 1322 1265 τῷ

148 1283 251 1368 πατρί,
276 1283 369 1370 μέχρι
390 1283 494 1369 τρίτης
515 1283 662 1368 πράσεως
685 1280 739 1366 ἀφ’
753 1282 820 1346 υἱοῦ
836 1282 1102 1368 χρηματίσασθαι.
1125 1322 1165 1332 -
1191 1287 1270 1370 μετὰ
1286 1283 1321 1349 δέ

147 1392 199 1474 τὴν
223 1389 331 1475 τρίτην
354 1399 466 1474 πρᾶσιν
493 1387 681 1474 ἀπήλλακτο
704 1395 760 1451 τοῦ
782 1387 927 1472 πατρός.ί

232 1494 285 1559 11.
309 1493 405 1559 Βίου.
422 1492 559 1580 (2,15):⁴
581 1492 637 1569 Εἰς
652 1493 795 1579 ἀνοίγκην
810 1491 986 1578 κατέστησε
1008 1493 1040 1578 (ὁ
1054 1491 1231 1580 Ῥωμύλος)
1246 1496 1319 1569 τοὺς

148 1597 316 1684 οἰκήτορας
340 1637 380 1646 -
402 1601 527 1663 ἅπασαν
543 1599 659 1684 ἀῤῥενα
673 1600 784 1683 γενεὰν
800 1597 971 1682 ἐκτρέφειν,
993 1600 1048 1663 καί
1063 1597 1249 1683 θυγατέρων
1264 1601 1321 1675 τὰς

145 1703 382 1788 πρωτογόνους,
415 1705 635 1770 ἀποκτιννύναι
664 1703 700 1768 δὲ
730 1704 825 1789 μηδὲν
855 1714 917 1771 τῶν
945 1703 1147 1791 γεννωμένων
1168 1703 1320 1789 νεύτερον

147 1817 296 1894 τριετοῦς,
318 1810 400 1896 πλὴν
423 1813 452 1875 εί
471 1832 500 1873 τι
521 1808 643 1894 γένοιτο
665 1808 788 1874 παιδίον
810 1809 972 1895 ἀνάπηρον
995 1812 1016 1896 ί)
1037 1809 1131 1894 τέρας
1146 1809 1242 1885 εὐθύς
1257 1811 1320 1875 ἀπὸ

147 1925 249 1999 γονῆς.
272 1923 371 1980 ταῦτα
393 1914 421 1980 δ’
441 1917 501 1981 οὐκ
525 1915 684 1980 ἐκώλυσεν
707 1915 868 1980 ἐκτιθέναι
884 1919 960 1992 τοὺς·
971 1915 1181 2002 γειναμένους,
1204 1915 1318 1981 ἐπιδεί-

147 2020 258 2100 ξαντας
280 2021 433 2106 πρότερον
455 2021 548 2086 πέντε
570 2021 701 2105 ἀνδροίσι
723 2031 787 2096 τοῖς
810 2023 940 2106 ἔγγιστα
962 2022 1110 2100 οἰκοῦσιν,
1133 2021 1188 2085 ἐὰν
1211 2021 1319 2090 κάκεί-

22 2119 23 2126 '
144 2147 206 2204 νοις
229 2127 377 2212 συνδοκῇ.
406 2131 491 2192 κατὰ
514 2129 549 2191 δέ
570 2136 632 2193 τῶν
656 2130 698 2212 μὴ
723 2127 918 2211 πειθομένων
941 2135 984 2212 τῷ
1007 2127 1092 2212 νόμῳ
1115 2127 1226 2212 ζημίας
1249 2129 1318 2212 ὥρι-

21 2226 23 2240 '
145 2253 196 2296 σεν
219 2231 320 2308 ἄλλας
347 2254 381 2296 τε
403 2234 458 2296 καί
480 2243 535 2318 τῆς
559 2233 665 2308 οὐσίας
689 2233 792 2297 αὐτῶν
814 2235 871 2317 τὴν
892 2231 1034 2318 ἡμίσειαν
1057 2232 1134 2296 είναι
1155 2232 1316 2317 δημοσίαν.

231 2337 282 2402 12.
306 2337 498 2405 Ρθκόιιιοίιαε
513 2337 688 2422 (Βοιαθθ)
698 2337 723 2404 :⁵
745 2336 842 2402 Ἰδιον
859 2376 899 2386 -
912 2340 948 2402 τδ
965 2337 1117 2423 μηδεμίαν
1126 2337 1222 2423 δίκην
1230 2340 1316 2402 κατὰ

148 2443 370 2528 πατροκτόνων
394 2441 542 2528 ὁρίσαντα
566 2441 632 2529 (τόν
647 2441 822 2527 Ῥωμύλον)
839 2451 943 2506 πᾶσαν
969 2441 1175 2526 ἀνδροφονίαν
1199 2464 1315 2527 πατρο-

20 2532 22 2608 Ᾰ
142 2548 268 2614 κτονίαν
291 2558 480 2633 προσειπεῖν.

228 2656 279 2721 13.
313 2653 347 2720 Si
368 2677 472 2736 renue,
495 2676 583 2720 sucus
604 2677 680 2720 urus
701 2676 855 2720 crunnum
876 2654 993 2720 usion.l

142 2884 234 2942 Cereri
252 2899 361 2940 sucrum
381 2897 441 2937 esse
459 2880 554 2946 iussit;
573 2879 621 2950 qui
640 2881 734 2936 autem
753 2881 886 2938 venderet
901 2898 1023 2947 uxorem,
1042 2881 1096 2937 diis
1108 2882 1204 2940 inferis
1216 2885 1315 2943 immo-

20 2975 21 2978 ’
140 2974 214 3043 lari.)
232 2972 268 3042 ef.
288 2970 461 3039 θοόίωόιιρα,
479 2968 566 3024 ZBG.
577 2971 646 3037 8,58.

215 3063 243 3129 l)
260 3058 408 3128 (Romulus
426 3073 536 3113 omnem
554 3058 726 3127 potestatem
743 3057 774 3112 in
791 3057 881 3113 filium
899 3059 976 3129 petri
995 3059 1138 3128 concessit,
1156 3059 1241 3132 idque
1253 3062 1315 3120 toto

20 3187 21 3214 ,
142 3149 220 3204 vitae
239 3149 377 3216 tempore,
410 3144 468 3200 sive
486 3161 549 3199 eum
567 3161 676 3200 carcero
693 3145 842 3212 includere,
862 3147 920 3203 sive
937 3148 1093 3214 verberare,
1111 3149 1170 3206 sive
1188 3150 1315 3206 vinetum

143 3237 178 3291 ad
198 3251 285 3306 opere
301 3232 407 3288 rustice
430 3232 563 3298 detinere,
582 3233 640 3289 sivo
658 3233 781 3290 occidere
800 3235 894 3290 vellet.
914 3235 1001 3290 etiem
1017 3238 1137 3292 vendere
1149 3238 1240 3294 filium
1250 3255 1313 3308 per·

139 3323 217 3378 misit
235 3321 327 3392 μεθείς
346 3320 415 3390 quin
433 3321 521 3375 etium
539 3320 591 3376 hoc
603 3321 737 3376 concessit
749 3321 834 3391 patri,
853 3325 984 3393 utusque
996 3324 1034 3378 ud
1046 3325 1162 3379 tertiam
1175 3324 1314 3381 venditio·

141 3430 206 3467 nem
224 3428 274 3481 per
297 3411 385 3464 filium
404 3408 576 3478 adquireret:
595 3412 659 3480 post
678 3408 793 3465 tertiam
812 3427 878 3466 vero
890 3411 1080 3467 venditionem
1093 3412 1270 3468 liberabatur
1281 3413 1313 3466 fi-

138 3499 194 3553 lius
215 3515 232 3552 e
251 3498 351 3568 putre.)
370 3529 404 3537 —
422 3498 448 3564 2)
468 3496 510 3564 Cf.
530 3495 628 3564 Ραμίιι.
646 3496 677 3550 io
695 3495 761 3550 coll.
779 3499 837 3564 4,8:
856 3497 925 3552 Cum
942 3499 1019 3568 patri
1037 3499 1083 3553 lex
1102 3499 1182 3568 regia
1201 3499 1312 3554 dederit

139 3587 169 3640 in
197 3585 288 3640 filium
315 3585 391 3640 vitae
417 3585 546 3654 necisque
573 3585 750 3654 potestatem.
776 3615 809 3624 —
827 3586 855 3653 3)
876 3584 1313 3657 Uf.X11.4,2.-4)(Ncoessi·

139 3677 231 3730 tatem
250 3674 384 3744 imposuit
404 3673 540 3729 Romulus
558 3671 672 3736 civibus,
692 3689 802 3728 omnem
821 3673 931 3728 virilem
947 3675 1055 3744 prolem
1068 3672 1186 3730 educere
1198 3677 1227 3729 et
1239 3674 1312 3729 filius

138 3759 348 3831 primogenitus,
376 3777 475 3815 necere
497 3777 563 3816 vero
587 3760 699 3814 nullum
722 3761 812 3816 fctum
830 3761 952 3818 triennio
970 3762 1119 3828 minorem,
1139 3761 1194 3817 nisi
1212 3765 1312 3818 nutum

139 3848 272 3904 mutilum
299 3851 349 3902 aut
367 3851 523 3905 monstrum
548 3849 647 3902 stetim
665 3851 730 3919 post
747 3851 876 3919 pentum,
901 3867 969 3920 quos
988 3866 1005 3904 a
1025 3849 1190 3919 perentibus
1212 3852 1313 3920 exponi

140 3954 195 3991 non
222 3935 384 4005 prohibuit,
412 3937 561 3992 dummodo
587 3954 632 3993 eos
660 3936 737 4006 prius
763 3938 943 3992 ostenderent
960 3939 1083 4007 quinque
1101 3937 1200 3992 vicinis
1221 3938 1312 4008 proxi-

139 4025 198 4089 mis,
228 4023 304 4093 iique
321 4023 351 4077 id
370 4025 613 4095 comprobassent3
640 4025 671 4078 in
690 4041 735 4080 eos
754 4041 826 4089 vero,
855 4024 903 4094 qui
921 4024 1030 4093 legibus
1047 4025 1110 4079 istis
1128 4042 1185 4079 nou
1203 4024 1311 4080 obtem·

140 4114 287 4182 perorent,
316 4127 419 4181 poenes
446 4112 550 4167 statuit
573 4129 636 4166 cum
660 4112 732 4166 alies
750 4114 812 4167 tum
831 4112 918 4168 etium
937 4113 1023 4180 benc,
1050 4114 1125 4168 bone
1143 4130 1239 4168 eorum
1259 4131 1310 4183 pro

138 4201 221 4269 parte
239 4199 358 4254 dimidia
377 4200 536 4271 publicari.)
556 4199 598 4267 Of.
619 4201 740 4268 ΧΠ.4,1.
761 4232 793 4241 -
811 4201 840 4268 5)
859 4201 1017 4270 (singulare
1035 4202 1084 4265 est,
1102 4200 1178 4270 quod
1196 4201 1310 4270 (Romu-

141 4289 210 4357 lus),
234 4305 297 4342 cum
315 4289 425 4344 nullam
443 4289 473 4343 in
492 4289 647 4359 parricidas
665 4289 800 4344 statuerit
817 4306 943 4359 poenum,
962 4305 1043 4344 omne
1060 4287 1241 4343 homicidium
1261 4306 1310 4359 up·

138 4375 259 4447 pelluvit
276 4376 479 4447 parricidium.)
499 4376 540 4446 Of.
559 4376 624 4446 Lep.
644 4376 786 4431 Num.12.
805 4406 839 4416 —
858 4379 885 4448 6)
906 4376 978 4432 Fert.
993 4395 1023 4447 p.
1042 4381 1111 4432 230:
1140 4377 1256 4433 Plorere
1276 4408 1308 4418 -

139 4465 280 4537 significet
298 4495 333 4506 -·
350 4465 428 4536 apud
450 4464 583 4535 antiquos
610 4465 696 4535 plene
719 4463 881 4520 inclamare.
912 4464 943 4518 in
959 4463 1035 4534 regis
1052 4463 1167 4521 Romuli
1185 4466 1214 4519 et
1232 4464 1310 4520 Tatii
