<?xml version="1.0" encoding="UTF-8"?>
<!DOCTYPE html PUBLIC "-//W3C//DTD XHTML 1.0 Transitional//EN"
    "http://www.w3.org/TR/xhtml1/DTD/xhtml1-transitional.dtd">
<html xmlns="http://www.w3.org/1999/xhtml" xml:lang="en" lang="en">
 <head>
  <title>
</title>
<meta http-equiv="Content-Type" content="text/html;charset=utf-8" />
  <meta name='ocr-system' content='tesseract 3.04.00' />
  <meta name='ocr-capabilities' content='ocr_page ocr_carea ocr_par ocr_line ocrx_word'/>
</head>
<body>
  <div class='ocr_page' id='page_1' title='image "./fontesiurisroma00mommgoog_0225.png"; bbox 0 0 3256 5154; ppageno 0'>
   <div class='ocr_carea' id='block_1_1' title="bbox 621 362 1357 433">
    <p class='ocr_par' dir='ltr' id='par_1_1' title="bbox 621 362 1357 433">
     <span class='ocr_line' id='line_1_1' title="bbox 621 362 1357 433; baseline -0.001 -16"><span class='ocrx_word' id='word_1_1' title='bbox 621 362 722 418; x_wconf 79' lang='lat' dir='ltr'>Ildiota</span> <span class='ocrx_word' id='word_1_2' title='bbox 738 363 910 433; x_wconf 81' lang='lat' dir='ltr'>praetorum.</span> <span class='ocrx_word' id='word_1_3' title='bbox 1293 362 1357 428; x_wconf 83' lang='lat'>205</span> 
     </span>
    </p>
   </div>
   <div class='ocr_carea' id='block_1_2' title="bbox 182 526 1461 1140">
    <p class='ocr_par' dir='ltr' id='par_1_2' title="bbox 182 526 1461 1140">
     <span class='ocr_line' id='line_1_2' title="bbox 272 526 1440 615; baseline -0.003 -18"><span class='ocrx_word' id='word_1_4' title='bbox 272 530 349 608; x_wconf 82' lang='lat' dir='ltr'>Qui</span> <span class='ocrx_word' id='word_1_5' title='bbox 370 551 505 615; x_wconf 88' lang='lat' dir='ltr'>neque</span> <span class='ocrx_word' id='word_1_6' title='bbox 526 529 766 611; x_wconf 88' lang='lat' dir='ltr'>sequantur</span> <span class='ocrx_word' id='word_1_7' title='bbox 788 547 922 610; x_wconf 89' lang='lat' dir='ltr'>neque</span> <span class='ocrx_word' id='word_1_8' title='bbox 943 526 1178 600; x_wconf 84' lang='lat' dir='ltr'>ducantur¹.</span> <span class='ocrx_word' id='word_1_9' title='bbox 1379 561 1440 597; x_wconf 65' lang='lat' dir='ltr'>aa</span> 
     </span>
     <span class='ocr_line' id='line_1_3' title="bbox 270 631 1461 722; baseline -0.001 -21"><span class='ocrx_word' id='word_1_10' title='bbox 270 636 432 714; x_wconf 77' lang='lat' dir='ltr'>Quibus</span> <span class='ocrx_word' id='word_1_11' title='bbox 451 631 1045 716; x_wconf 83' lang='lat' dir='ltr'>exoausisinpossessionem</span> <span class='ocrx_word' id='word_1_12' title='bbox 1061 636 1207 704; x_wconf 55' lang='lat' dir='ltr'>eaturl.</span> <span class='ocrx_word' id='word_1_13' title='bbox 1224 637 1461 722; x_wconf 61' lang='lat' dir='ltr'>.......,¹,l;{⁹,3332</span> 
     </span>
     <span class='ocr_line' id='line_1_4' title="bbox 186 737 1356 830; baseline -0.002 -21"><span class='ocrx_word' id='word_1_14' title='bbox 186 743 215 809; x_wconf 89' lang='lat'>1.</span> <span class='ocrx_word' id='word_1_15' title='bbox 238 742 346 826; x_wconf 72' lang='lat' dir='ltr'>(Quod</span> <span class='ocrx_word' id='word_1_16' title='bbox 369 762 439 806; x_wconf 78' lang='lat' dir='ltr'>oum</span> <span class='ocrx_word' id='word_1_17' title='bbox 455 739 581 823; x_wconf 71' lang='lat' dir='ltr'>pupillo</span> <span class='ocrx_word' id='word_1_18' title='bbox 604 741 794 803; x_wconf 65' lang='lat' dir='ltr'>monaulon</span> <span class='ocrx_word' id='word_1_19' title='bbox 816 737 882 815; x_wconf 68' lang='lat' dir='ltr'>aa,</span> <span class='ocrx_word' id='word_1_20' title='bbox 914 737 943 800; x_wconf 80' lang='lat' dir='ltr'>si</span> <span class='ocrx_word' id='word_1_21' title='bbox 965 757 999 802; x_wconf 87' lang='lat' dir='ltr'>eo</span> <span class='ocrx_word' id='word_1_22' title='bbox 1021 741 1230 808; x_wconf 68' lang='lat' dir='ltr'>boanereem</span> <span class='ocrx_word' id='word_1_23' title='bbox 1252 747 1356 830; x_wconf 78' lang='lat' dir='ltr'>defeu-</span> 
     </span>
     <span class='ocr_line' id='line_1_5' title="bbox 184 842 1357 935; baseline 0.003 -21"><span class='ocrx_word' id='word_1_24' title='bbox 184 848 285 928; x_wconf 74' lang='lat' dir='ltr'>deror,</span> <span class='ocrx_word' id='word_1_25' title='bbox 319 849 387 913; x_wconf 66' lang='lat' dir='ltr'>nus</span> <span class='ocrx_word' id='word_1_26' title='bbox 407 846 456 911; x_wconf 78' lang='lat' dir='ltr'>rei</span> <span class='ocrx_word' id='word_1_27' title='bbox 476 843 647 910; x_wconf 67' lang='lat' dir='ltr'>revendere</span> <span class='ocrx_word' id='word_1_28' title='bbox 670 861 766 908; x_wconf 81' lang='lat' dir='ltr'>eausa</span> <span class='ocrx_word' id='word_1_29' title='bbox 789 842 870 907; x_wconf 78' lang='lat' dir='ltr'>torto</span> <span class='ocrx_word' id='word_1_30' title='bbox 891 843 1136 924; x_wconf 64' lang='lat' dir='ltr'>desponsione·</span> <span class='ocrx_word' id='word_1_31' title='bbox 1157 849 1291 935; x_wconf 75' lang='lat' dir='ltr'>iubebo).</span> <span class='ocrx_word' id='word_1_32' title='bbox 1330 854 1357 918; x_wconf 91' lang='lat' dir='ltr'>si</span> 
     </span>
     <span class='ocr_line' id='line_1_6' title="bbox 182 946 1358 1037; baseline 0 -21"><span class='ocrx_word' id='word_1_33' title='bbox 182 953 210 1018; x_wconf 88' lang='lat' dir='ltr'>is</span> <span class='ocrx_word' id='word_1_34' title='bbox 232 953 372 1037; x_wconf 87' lang='lat' dir='ltr'>pupillus</span> <span class='ocrx_word' id='word_1_35' title='bbox 395 951 429 1016; x_wconf 91' lang='lat' dir='ltr'>in</span> <span class='ocrx_word' id='word_1_36' title='bbox 447 973 536 1016; x_wconf 87' lang='lat' dir='ltr'>suam</span> <span class='ocrx_word' id='word_1_37' title='bbox 553 947 689 1014; x_wconf 87' lang='lat' dir='ltr'>tutelam</span> <span class='ocrx_word' id='word_1_38' title='bbox 706 946 828 1012; x_wconf 87' lang='lat' dir='ltr'>venerit</span> <span class='ocrx_word' id='word_1_39' title='bbox 843 968 918 1011; x_wconf 82' lang='lat' dir='ltr'>eave</span> <span class='ocrx_word' id='word_1_40' title='bbox 933 947 1056 1031; x_wconf 92' lang='lat' dir='ltr'>pupilla</span> <span class='ocrx_word' id='word_1_41' title='bbox 1071 951 1245 1037; x_wconf 79' lang='lat' dir='ltr'>viripotens</span> <span class='ocrx_word' id='word_1_42' title='bbox 1260 956 1358 1023; x_wconf 79' lang='lat' dir='ltr'>fuerit</span> 
     </span>
     <span class='ocr_line' id='line_1_7' title="bbox 183 1051 1357 1140; baseline -0.003 -16"><span class='ocrx_word' id='word_1_43' title='bbox 183 1062 214 1123; x_wconf 88' lang='lat' dir='ltr'>et</span> <span class='ocrx_word' id='word_1_44' title='bbox 236 1061 320 1124; x_wconf 85' lang='lat' dir='ltr'>recte</span> <span class='ocrx_word' id='word_1_45' title='bbox 341 1056 545 1122; x_wconf 84' lang='lat' dir='ltr'>defendetur:</span> <span class='ocrx_word' id='word_1_46' title='bbox 568 1076 631 1134; x_wconf 82' lang='lat' dir='ltr'>eos,</span> <span class='ocrx_word' id='word_1_47' title='bbox 656 1052 711 1137; x_wconf 89' lang='lat' dir='ltr'>qui</span> <span class='ocrx_word' id='word_1_48' title='bbox 734 1051 819 1117; x_wconf 89' lang='lat' dir='ltr'>bona</span> <span class='ocrx_word' id='word_1_49' title='bbox 841 1051 1014 1137; x_wconf 86' lang='lat' dir='ltr'>possident,</span> <span class='ocrx_word' id='word_1_50' title='bbox 1038 1054 1077 1120; x_wconf 90' lang='lat' dir='ltr'>de</span> <span class='ocrx_word' id='word_1_51' title='bbox 1090 1062 1287 1140; x_wconf 79' lang='lat' dir='ltr'>possessione</span> <span class='ocrx_word' id='word_1_52' title='bbox 1303 1064 1357 1128; x_wconf 76' lang='lat' dir='ltr'>do-</span> 
     </span>
    </p>
   </div>
   <div class='ocr_carea' id='block_1_3' title="bbox 182 1160 1357 1343">
    <p class='ocr_par' dir='ltr' id='par_1_3' title="bbox 182 1160 1357 1343">
     <span class='ocr_line' id='line_1_8' title="bbox 182 1160 455 1229; baseline -0.011 0"><span class='ocrx_word' id='word_1_53' title='bbox 182 1163 290 1229; x_wconf 82' lang='lat' dir='ltr'>eadere</span> <span class='ocrx_word' id='word_1_54' title='bbox 312 1160 455 1228; x_wconf 81' lang='lat' dir='ltr'>iubebo³.</span> 
     </span>
     <span class='ocr_line' id='line_1_9' title="bbox 270 1259 1357 1343; baseline 0.005 -11"><span class='ocrx_word' id='word_1_55' title='bbox 270 1270 299 1332; x_wconf 82' lang='lat'>2.</span> <span class='ocrx_word' id='word_1_56' title='bbox 337 1265 399 1343; x_wconf 83' lang='lat' dir='ltr'>Qui</span> <span class='ocrx_word' id='word_1_57' title='bbox 421 1264 631 1330; x_wconf 74' lang='lat' dir='ltr'>fraudationis</span> <span class='ocrx_word' id='word_1_58' title='bbox 654 1284 749 1328; x_wconf 85' lang='lat' dir='ltr'>eausa</span> <span class='ocrx_word' id='word_1_59' title='bbox 771 1259 933 1339; x_wconf 76' lang='lat' dir='ltr'>latitabit,</span> <span class='ocrx_word' id='word_1_60' title='bbox 966 1261 994 1326; x_wconf 86' lang='lat' dir='ltr'>si</span> <span class='ocrx_word' id='word_1_61' title='bbox 1016 1263 1092 1330; x_wconf 94' lang='lat' dir='ltr'>boni</span> <span class='ocrx_word' id='word_1_62' title='bbox 1114 1267 1176 1332; x_wconf 81' lang='lat' dir='ltr'>viri</span> <span class='ocrx_word' id='word_1_63' title='bbox 1199 1271 1357 1338; x_wconf 87' lang='lat' dir='ltr'>arbitratu</span> 
     </span>
    </p>
   </div>
   <div class='ocr_carea' id='block_1_4' title="bbox 180 1366 1461 3565">
    <p class='ocr_par' dir='ltr' id='par_1_4' title="bbox 182 1366 1181 1452">
     <span class='ocr_line' id='line_1_10' title="bbox 182 1366 1181 1452; baseline 0.002 -16"><span class='ocrx_word' id='word_1_64' title='bbox 182 1395 247 1437; x_wconf 89' lang='lat' dir='ltr'>non</span> <span class='ocrx_word' id='word_1_65' title='bbox 270 1372 465 1452; x_wconf 82' lang='lat' dir='ltr'>defendetur,</span> <span class='ocrx_word' id='word_1_66' title='bbox 488 1370 555 1435; x_wconf 89' lang='lat' dir='ltr'>eius</span> <span class='ocrx_word' id='word_1_67' title='bbox 577 1369 662 1434; x_wconf 91' lang='lat' dir='ltr'>bona</span> <span class='ocrx_word' id='word_1_68' title='bbox 684 1366 838 1452; x_wconf 85' lang='lat' dir='ltr'>possideri</span> <span class='ocrx_word' id='word_1_69' title='bbox 861 1366 1017 1451; x_wconf 86' lang='lat' dir='ltr'>vendique</span> <span class='ocrx_word' id='word_1_70' title='bbox 1038 1369 1181 1438; x_wconf 77' lang='lat' dir='ltr'>iubebo‘‚</span> 
     </span>
    </p>

    <p class='ocr_par' dir='ltr' id='par_1_5' title="bbox 183 1471 1357 1860">
     <span class='ocr_line' id='line_1_11' title="bbox 270 1471 1357 1564; baseline -0.008 -21"><span class='ocrx_word' id='word_1_71' title='bbox 270 1479 301 1543; x_wconf 88' lang='lat'>3.</span> <span class='ocrx_word' id='word_1_72' title='bbox 338 1475 400 1552; x_wconf 82' lang='lat' dir='ltr'>Qui</span> <span class='ocrx_word' id='word_1_73' title='bbox 422 1475 535 1541; x_wconf 78' lang='lat' dir='ltr'>absens</span> <span class='ocrx_word' id='word_1_74' title='bbox 557 1473 675 1540; x_wconf 92' lang='lat' dir='ltr'>iudioio</span> <span class='ocrx_word' id='word_1_75' title='bbox 698 1473 844 1540; x_wconf 84' lang='lat' dir='ltr'>defensus</span> <span class='ocrx_word' id='word_1_76' title='bbox 866 1493 931 1537; x_wconf 92' lang='lat' dir='ltr'>non</span> <span class='ocrx_word' id='word_1_77' title='bbox 946 1471 1070 1556; x_wconf 78' lang='lat' dir='ltr'>fuerit⁶‚</span> <span class='ocrx_word' id='word_1_78' title='bbox 1094 1476 1178 1559; x_wconf 73' lang='lat' dir='ltr'>(eius</span> <span class='ocrx_word' id='word_1_79' title='bbox 1193 1481 1272 1546; x_wconf 71' lang='lat' dir='ltr'>bona</span> <span class='ocrx_word' id='word_1_80' title='bbox 1280 1504 1357 1564; x_wconf 77' lang='lat' dir='ltr'>pos-</span> 
     </span>
     <span class='ocr_line' id='line_1_12' title="bbox 183 1578 1356 1671; baseline 0.005 -23"><span class='ocrx_word' id='word_1_81' title='bbox 183 1583 281 1648; x_wconf 73' lang='lat' dir='ltr'>sideri</span> <span class='ocrx_word' id='word_1_82' title='bbox 303 1582 435 1666; x_wconf 82' lang='lat' dir='ltr'>iubebo),</span> <span class='ocrx_word' id='word_1_83' title='bbox 463 1585 495 1646; x_wconf 87' lang='lat' dir='ltr'>ot</span> <span class='ocrx_word' id='word_1_84' title='bbox 516 1580 594 1660; x_wconf 85' lang='lat' dir='ltr'>eiua,</span> <span class='ocrx_word' id='word_1_85' title='bbox 616 1579 705 1645; x_wconf 89' lang='lat' dir='ltr'>ouius</span> <span class='ocrx_word' id='word_1_86' title='bbox 727 1578 812 1643; x_wconf 91' lang='lat' dir='ltr'>bona</span> <span class='ocrx_word' id='word_1_87' title='bbox 833 1599 977 1663; x_wconf 86' lang='lat' dir='ltr'>possessa</span> <span class='ocrx_word' id='word_1_88' title='bbox 999 1585 1075 1646; x_wconf 86' lang='lat' dir='ltr'>sunt</span> <span class='ocrx_word' id='word_1_89' title='bbox 1097 1604 1117 1647; x_wconf 92' lang='lat' dir='ltr'>a</span> <span class='ocrx_word' id='word_1_90' title='bbox 1137 1585 1356 1671; x_wconf 83' lang='lat' dir='ltr'>oreditoribus,</span> 
     </span>
     <span class='ocr_line' id='line_1_13' title="bbox 184 1683 1357 1772; baseline 0.006 -19"><span class='ocrx_word' id='word_1_91' title='bbox 184 1689 337 1767; x_wconf 80' lang='lat' dir='ltr'>veneant,</span> <span class='ocrx_word' id='word_1_92' title='bbox 369 1689 592 1771; x_wconf 83' lang='lat' dir='ltr'>praeterquam</span> <span class='ocrx_word' id='word_1_93' title='bbox 619 1683 736 1770; x_wconf 90' lang='lat' dir='ltr'>pupilli</span> <span class='ocrx_word' id='word_1_94' title='bbox 766 1687 799 1751; x_wconf 91' lang='lat' dir='ltr'>et</span> <span class='ocrx_word' id='word_1_95' title='bbox 830 1683 914 1765; x_wconf 83' lang='lat' dir='ltr'>eiua,</span> <span class='ocrx_word' id='word_1_96' title='bbox 951 1685 1007 1768; x_wconf 91' lang='lat' dir='ltr'>qui</span> <span class='ocrx_word' id='word_1_97' title='bbox 1028 1687 1242 1772; x_wconf 80' lang='lat' dir='ltr'>reipublicae</span> <span class='ocrx_word' id='word_1_98' title='bbox 1263 1715 1357 1760; x_wconf 84' lang='lat' dir='ltr'>causa</span> 
     </span>
     <span class='ocr_line' id='line_1_14' title="bbox 183 1791 585 1860; baseline -0.005 -2"><span class='ocrx_word' id='word_1_99' title='bbox 183 1794 251 1860; x_wconf 90' lang='lat' dir='ltr'>sine</span> <span class='ocrx_word' id='word_1_100' title='bbox 273 1793 346 1858; x_wconf 91' lang='lat' dir='ltr'>dolo</span> <span class='ocrx_word' id='word_1_101' title='bbox 368 1793 453 1858; x_wconf 85' lang='lat' dir='ltr'>malo</span> <span class='ocrx_word' id='word_1_102' title='bbox 475 1791 585 1857; x_wconf 80' lang='lat' dir='ltr'>afirit⁶.</span> 
     </span>
    </p>

    <p class='ocr_par' dir='ltr' id='par_1_6' title="bbox 270 1896 937 1965">
     <span class='ocr_line' id='line_1_15' title="bbox 270 1896 937 1965; baseline -0.003 -1"><span class='ocrx_word' id='word_1_103' title='bbox 270 1900 301 1965; x_wconf 82' lang='lat'>4.</span> <span class='ocrx_word' id='word_1_104' title='bbox 326 1921 354 1963; x_wconf 86' lang='lat' dir='ltr'>a.</span> <span class='ocrx_word' id='word_1_105' title='bbox 388 1897 447 1963; x_wconf 83' lang='lat' dir='ltr'>Oui</span> <span class='ocrx_word' id='word_1_106' title='bbox 469 1896 561 1964; x_wconf 86' lang='lat' dir='ltr'>hores</span> <span class='ocrx_word' id='word_1_107' title='bbox 583 1919 648 1963; x_wconf 93' lang='lat' dir='ltr'>non</span> <span class='ocrx_word' id='word_1_108' title='bbox 670 1896 810 1963; x_wconf 64' lang='lat' dir='ltr'>extabitl</span> <span class='ocrx_word' id='word_1_109' title='bbox 826 1945 937 1963; x_wconf 90' lang='grc'><strong>.....</strong></span> 
     </span>
    </p>

    <p class='ocr_par' dir='ltr' id='par_1_7' title="bbox 182 1999 1356 2174">
     <span class='ocr_line' id='line_1_16' title="bbox 269 1999 1356 2093; baseline 0.009 -26"><span class='ocrx_word' id='word_1_110' title='bbox 269 2002 301 2068; x_wconf 92' lang='lat' dir='ltr'>b.</span> <span class='ocrx_word' id='word_1_111' title='bbox 338 2000 388 2067; x_wconf 89' lang='lat' dir='ltr'>De</span> <span class='ocrx_word' id='word_1_112' title='bbox 409 2002 478 2067; x_wconf 89' lang='lat' dir='ltr'>iure</span> <span class='ocrx_word' id='word_1_113' title='bbox 500 2001 705 2068; x_wconf 86' lang='lat' dir='ltr'>deliberandi.</span> <span class='ocrx_word' id='word_1_114' title='bbox 738 1999 772 2066; x_wconf 82' lang='lat' dir='ltr'>Si</span> <span class='ocrx_word' id='word_1_115' title='bbox 795 2005 920 2085; x_wconf 91' lang='lat' dir='ltr'>tempus</span> <span class='ocrx_word' id='word_1_116' title='bbox 944 2003 984 2068; x_wconf 88' lang='lat' dir='ltr'>ad</span> <span class='ocrx_word' id='word_1_117' title='bbox 999 2004 1236 2076; x_wconf 87' lang='lat' dir='ltr'>deliberandum</span> <span class='ocrx_word' id='word_1_118' title='bbox 1259 2013 1356 2093; x_wconf 82' lang='lat' dir='ltr'>petet,</span> 
     </span>
     <span class='ocr_line' id='line_1_17' title="bbox 182 2106 439 2174; baseline -0.004 -1"><span class='ocrx_word' id='word_1_119' title='bbox 182 2106 281 2174; x_wconf 81' lang='lat' dir='ltr'>dabo⁸</span> <span class='ocrx_word' id='word_1_120' title='bbox 304 2155 439 2173; x_wconf 90' lang='grc'><strong>......</strong></span> 
     </span>
    </p>

    <p class='ocr_par' dir='ltr' id='par_1_8' title="bbox 182 2210 1356 2616">
     <span class='ocr_line' id='line_1_18' title="bbox 269 2210 1356 2300; baseline 0.006 -22"><span class='ocrx_word' id='word_1_121' title='bbox 269 2235 295 2278; x_wconf 89' lang='lat' dir='ltr'>o.</span> <span class='ocrx_word' id='word_1_122' title='bbox 332 2211 367 2278; x_wconf 84' lang='lat' dir='ltr'>si</span> <span class='ocrx_word' id='word_1_123' title='bbox 393 2211 508 2298; x_wconf 90' lang='lat' dir='ltr'>pupilli</span> <span class='ocrx_word' id='word_1_124' title='bbox 530 2210 672 2296; x_wconf 88' lang='lat' dir='ltr'>pupillae</span> <span class='ocrx_word' id='word_1_125' title='bbox 702 2210 830 2276; x_wconf 90' lang='lat' dir='ltr'>nomine</span> <span class='ocrx_word' id='word_1_126' title='bbox 852 2210 1070 2294; x_wconf 86' lang='lat' dir='ltr'>postulabitur</span> <span class='ocrx_word' id='word_1_127' title='bbox 1091 2216 1216 2300; x_wconf 90' lang='lat' dir='ltr'>tempus</span> <span class='ocrx_word' id='word_1_128' title='bbox 1240 2219 1280 2283; x_wconf 90' lang='lat' dir='ltr'>ad</span> <span class='ocrx_word' id='word_1_129' title='bbox 1302 2219 1356 2285; x_wconf 91' lang='lat' dir='ltr'>de·</span> 
     </span>
     <span class='ocr_line' id='line_1_19' title="bbox 182 2316 1355 2402; baseline 0.007 -20"><span class='ocrx_word' id='word_1_130' title='bbox 182 2318 391 2399; x_wconf 81' lang='lat' dir='ltr'>liberandum,</span> <span class='ocrx_word' id='word_1_131' title='bbox 415 2340 456 2383; x_wconf 88' lang='lat' dir='ltr'>an</span> <span class='ocrx_word' id='word_1_132' title='bbox 474 2316 621 2402; x_wconf 88' lang='lat' dir='ltr'>expediat</span> <span class='ocrx_word' id='word_1_133' title='bbox 639 2339 712 2382; x_wconf 90' lang='lat' dir='ltr'>eum</span> <span class='ocrx_word' id='word_1_134' title='bbox 726 2316 937 2383; x_wconf 83' lang='lat' dir='ltr'>hereditatem</span> <span class='ocrx_word' id='word_1_135' title='bbox 952 2318 1099 2400; x_wconf 85' lang='lat' dir='ltr'>retinere,</span> <span class='ocrx_word' id='word_1_136' title='bbox 1122 2325 1155 2385; x_wconf 89' lang='lat' dir='ltr'>et</span> <span class='ocrx_word' id='word_1_137' title='bbox 1170 2321 1231 2387; x_wconf 89' lang='lat' dir='ltr'>hoo</span> <span class='ocrx_word' id='word_1_138' title='bbox 1246 2323 1355 2390; x_wconf 86' lang='lat' dir='ltr'>datum</span> 
     </span>
     <span class='ocr_line' id='line_1_20' title="bbox 182 2422 1355 2518; baseline 0.003 -28"><span class='ocrx_word' id='word_1_139' title='bbox 182 2425 242 2490; x_wconf 90' lang='lat' dir='ltr'>sit:</span> <span class='ocrx_word' id='word_1_140' title='bbox 265 2425 292 2490; x_wconf 86' lang='lat' dir='ltr'>si</span> <span class='ocrx_word' id='word_1_141' title='bbox 314 2425 400 2490; x_wconf 89' lang='lat' dir='ltr'>iusta</span> <span class='ocrx_word' id='word_1_142' title='bbox 421 2447 516 2490; x_wconf 82' lang='lat' dir='ltr'>causa</span> <span class='ocrx_word' id='word_1_143' title='bbox 538 2445 606 2490; x_wconf 87' lang='lat' dir='ltr'>esse</span> <span class='ocrx_word' id='word_1_144' title='bbox 628 2422 797 2504; x_wconf 82' lang='lat' dir='ltr'>videbitur,</span> <span class='ocrx_word' id='word_1_145' title='bbox 821 2423 905 2488; x_wconf 89' lang='lat' dir='ltr'>bona</span> <span class='ocrx_word' id='word_1_146' title='bbox 927 2423 1049 2488; x_wconf 89' lang='lat' dir='ltr'>interea</span> <span class='ocrx_word' id='word_1_147' title='bbox 1070 2425 1210 2492; x_wconf 88' lang='lat' dir='ltr'>deminui</span> <span class='ocrx_word' id='word_1_148' title='bbox 1224 2429 1288 2496; x_wconf 87' lang='lat' dir='ltr'>nisi</span> <span class='ocrx_word' id='word_1_149' title='bbox 1304 2427 1355 2518; x_wconf 88' lang='lat' dir='ltr'>[si]</span> 
     </span>
     <span class='ocr_line' id='line_1_21' title="bbox 182 2529 957 2616; baseline 0.001 -22"><span class='ocrx_word' id='word_1_150' title='bbox 182 2551 276 2595; x_wconf 85' lang='lat' dir='ltr'>eausa</span> <span class='ocrx_word' id='word_1_151' title='bbox 297 2530 427 2616; x_wconf 79' lang='lat' dir='ltr'>cognita</span> <span class='ocrx_word' id='word_1_152' title='bbox 449 2529 526 2596; x_wconf 91' lang='lat' dir='ltr'>boni</span> <span class='ocrx_word' id='word_1_153' title='bbox 548 2529 610 2596; x_wconf 81' lang='lat' dir='ltr'>viri</span> <span class='ocrx_word' id='word_1_154' title='bbox 632 2529 793 2597; x_wconf 88' lang='lat' dir='ltr'>arbitratu</span> <span class='ocrx_word' id='word_1_155' title='bbox 814 2529 957 2595; x_wconf 64' lang='lat' dir='ltr'>vetabo.</span> 
     </span>
    </p>

    <p class='ocr_par' dir='ltr' id='par_1_9' title="bbox 181 2635 1355 2832">
     <span class='ocr_line' id='line_1_22' title="bbox 268 2635 1355 2724; baseline 0.005 -24"><span class='ocrx_word' id='word_1_156' title='bbox 268 2636 298 2701; x_wconf 91' lang='lat' dir='ltr'>d.</span> <span class='ocrx_word' id='word_1_157' title='bbox 447 2635 481 2702; x_wconf 87' lang='lat' dir='ltr'>si</span> <span class='ocrx_word' id='word_1_158' title='bbox 502 2659 560 2721; x_wconf 91' lang='lat' dir='ltr'>per</span> <span class='ocrx_word' id='word_1_159' title='bbox 581 2659 654 2702; x_wconf 91' lang='lat' dir='ltr'>eum</span> <span class='ocrx_word' id='word_1_160' title='bbox 683 2658 791 2702; x_wconf 85' lang='lat' dir='ltr'>eamve</span> <span class='ocrx_word' id='word_1_161' title='bbox 812 2635 933 2701; x_wconf 80' lang='lat' dir='ltr'>factum</span> <span class='ocrx_word' id='word_1_162' title='bbox 956 2636 1035 2718; x_wconf 86' lang='lat' dir='ltr'>erit,</span> <span class='ocrx_word' id='word_1_163' title='bbox 1069 2660 1131 2722; x_wconf 91' lang='lat' dir='ltr'>quo</span> <span class='ocrx_word' id='word_1_164' title='bbox 1155 2639 1295 2724; x_wconf 86' lang='lat' dir='ltr'>quidex</span> <span class='ocrx_word' id='word_1_165' title='bbox 1318 2661 1355 2705; x_wconf 91' lang='lat' dir='ltr'>ea</span> 
     </span>
     <span class='ocr_line' id='line_1_23' title="bbox 181 2741 1289 2832; baseline 0.004 -26"><span class='ocrx_word' id='word_1_166' title='bbox 181 2741 357 2808; x_wconf 88' lang='lat' dir='ltr'>hereditate</span> <span class='ocrx_word' id='word_1_167' title='bbox 379 2742 622 2822; x_wconf 81' lang='lat' dir='ltr'>amoveretur¹⁰‚</span> <span class='ocrx_word' id='word_1_168' title='bbox 645 2741 838 2824; x_wconf 78' lang='lat' dir='ltr'>(abstinendi</span> <span class='ocrx_word' id='word_1_169' title='bbox 856 2747 1039 2824; x_wconf 77' lang='lat' dir='ltr'>potestatem</span> <span class='ocrx_word' id='word_1_170' title='bbox 1059 2765 1123 2808; x_wconf 82' lang='lat' dir='ltr'>uon</span> <span class='ocrx_word' id='word_1_171' title='bbox 1138 2745 1289 2832; x_wconf 79' lang='lat' dir='ltr'>forium).</span> 
     </span>
    </p>

    <p class='ocr_par' dir='ltr' id='par_1_10' title="bbox 268 2843 1057 2933">
     <span class='ocr_line' id='line_1_24' title="bbox 268 2843 1057 2933; baseline 0.001 -22"><span class='ocrx_word' id='word_1_172' title='bbox 268 2848 298 2912; x_wconf 89' lang='grc'>5.</span> <span class='ocrx_word' id='word_1_173' title='bbox 345 2847 425 2930; x_wconf 73' lang='lat' dir='ltr'>(Qui</span> <span class='ocrx_word' id='word_1_174' title='bbox 446 2847 575 2930; x_wconf 72' lang='lat' dir='ltr'>capitali</span> <span class='ocrx_word' id='word_1_175' title='bbox 597 2848 727 2912; x_wconf 76' lang='lat' dir='ltr'>crimine</span> <span class='ocrx_word' id='word_1_176' title='bbox 748 2847 918 2912; x_wconf 67' lang='lat' dir='ltr'>mounes</span> <span class='ocrx_word' id='word_1_177' title='bbox 940 2843 1057 2933; x_wconf 52' lang='grc' dir='ltr'>ΜΨ.</span> 
     </span>
    </p>

    <p class='ocr_par' dir='ltr' id='par_1_11' title="bbox 180 2951 1461 3461">
     <span class='ocr_line' id='line_1_25' title="bbox 267 2951 1461 3046; baseline 0.002 -28"><span class='ocrx_word' id='word_1_178' title='bbox 267 2952 323 3018; x_wconf 86' lang='lat' dir='ltr'>De</span> <span class='ocrx_word' id='word_1_179' title='bbox 345 2953 462 3017; x_wconf 77' lang='lat' dir='ltr'>bouis</span> <span class='ocrx_word' id='word_1_180' title='bbox 478 2953 749 3035; x_wconf 78' lang='lat' dir='ltr'>possidendis</span> <span class='ocrx_word' id='word_1_181' title='bbox 766 2951 1461 3046; x_wconf 65' lang='lat' dir='ltr'>proscribendisvendundis¹².}&gt;³jll‡ll</span> 
     </span>
     <span class='ocr_line' id='line_1_26' title="bbox 183 3055 1352 3143; baseline 0.004 -23"><span class='ocrx_word' id='word_1_182' title='bbox 183 3056 212 3122; x_wconf 91' lang='lat'>1.</span> <span class='ocrx_word' id='word_1_183' title='bbox 245 3055 308 3133; x_wconf 80' lang='lat' dir='ltr'>Qui</span> <span class='ocrx_word' id='word_1_184' title='bbox 330 3081 369 3124; x_wconf 86' lang='lat' dir='ltr'>ex</span> <span class='ocrx_word' id='word_1_185' title='bbox 391 3059 492 3124; x_wconf 85' lang='lat' dir='ltr'>edicto</span> <span class='ocrx_word' id='word_1_186' title='bbox 515 3081 584 3123; x_wconf 93' lang='lat' dir='ltr'>meo</span> <span class='ocrx_word' id='word_1_187' title='bbox 606 3059 641 3122; x_wconf 94' lang='lat' dir='ltr'>in</span> <span class='ocrx_word' id='word_1_188' title='bbox 662 3059 891 3143; x_wconf 85' lang='lat' dir='ltr'>possessionem</span> <span class='ocrx_word' id='word_1_189' title='bbox 915 3058 1069 3139; x_wconf 82' lang='lat' dir='ltr'>venerint,</span> <span class='ocrx_word' id='word_1_190' title='bbox 1092 3081 1145 3124; x_wconf 87' lang='lat' dir='ltr'>eos</span> <span class='ocrx_word' id='word_1_191' title='bbox 1164 3059 1212 3123; x_wconf 91' lang='lat' dir='ltr'>ite</span> <span class='ocrx_word' id='word_1_192' title='bbox 1227 3060 1352 3125; x_wconf 88' lang='lat' dir='ltr'>videtur</span> 
     </span>
     <span class='ocr_line' id='line_1_27' title="bbox 181 3162 1352 3250; baseline 0.003 -24"><span class='ocrx_word' id='word_1_193' title='bbox 181 3162 215 3226; x_wconf 91' lang='lat' dir='ltr'>in</span> <span class='ocrx_word' id='word_1_194' title='bbox 237 3163 434 3247; x_wconf 86' lang='lat' dir='ltr'>possessione</span> <span class='ocrx_word' id='word_1_195' title='bbox 457 3185 524 3229; x_wconf 83' lang='lat' dir='ltr'>esse</span> <span class='ocrx_word' id='word_1_196' title='bbox 545 3166 700 3248; x_wconf 88' lang='lat' dir='ltr'>oportere.</span> <span class='ocrx_word' id='word_1_197' title='bbox 737 3164 822 3249; x_wconf 90' lang='lat' dir='ltr'>quod</span> <span class='ocrx_word' id='word_1_198' title='bbox 843 3164 961 3230; x_wconf 84' lang='lat' dir='ltr'>ibidem</span> <span class='ocrx_word' id='word_1_199' title='bbox 983 3169 1068 3230; x_wconf 87' lang='lat' dir='ltr'>reete</span> <span class='ocrx_word' id='word_1_200' title='bbox 1089 3165 1247 3230; x_wconf 84' lang='lat' dir='ltr'>custodire</span> <span class='ocrx_word' id='word_1_201' title='bbox 1261 3169 1352 3250; x_wconf 88' lang='lat' dir='ltr'>pote·</span> 
     </span>
     <span class='ocr_line' id='line_1_28' title="bbox 180 3269 1353 3354; baseline 0.002 -22"><span class='ocrx_word' id='word_1_202' title='bbox 180 3272 266 3349; x_wconf 88' lang='lat' dir='ltr'>runt,</span> <span class='ocrx_word' id='word_1_203' title='bbox 288 3270 322 3334; x_wconf 93' lang='lat' dir='ltr'>id</span> <span class='ocrx_word' id='word_1_204' title='bbox 344 3270 461 3335; x_wconf 89' lang='lat' dir='ltr'>ibidem</span> <span class='ocrx_word' id='word_1_205' title='bbox 484 3269 672 3334; x_wconf 87' lang='lat' dir='ltr'>custodiant.</span> <span class='ocrx_word' id='word_1_206' title='bbox 710 3270 795 3354; x_wconf 90' lang='lat' dir='ltr'>quod</span> <span class='ocrx_word' id='word_1_207' title='bbox 824 3292 888 3336; x_wconf 89' lang='lat' dir='ltr'>non</span> <span class='ocrx_word' id='word_1_208' title='bbox 916 3273 1086 3354; x_wconf 85' lang='lat' dir='ltr'>poterunt,</span> <span class='ocrx_word' id='word_1_209' title='bbox 1119 3270 1152 3334; x_wconf 90' lang='lat' dir='ltr'>id</span> <span class='ocrx_word' id='word_1_210' title='bbox 1175 3269 1299 3335; x_wconf 88' lang='lat' dir='ltr'>auferre</span> <span class='ocrx_word' id='word_1_211' title='bbox 1320 3274 1353 3335; x_wconf 90' lang='lat' dir='ltr'>et</span> 
     </span>
     <span class='ocr_line' id='line_1_29' title="bbox 181 3374 1288 3461; baseline 0.003 -23"><span class='ocrx_word' id='word_1_212' title='bbox 181 3374 334 3440; x_wconf 80' lang='lat' dir='ltr'>abducere</span> <span class='ocrx_word' id='word_1_213' title='bbox 356 3374 475 3440; x_wconf 89' lang='lat' dir='ltr'>lioebit.</span> <span class='ocrx_word' id='word_1_214' title='bbox 521 3375 685 3440; x_wconf 91' lang='lat' dir='ltr'>dominum</span> <span class='ocrx_word' id='word_1_215' title='bbox 707 3376 844 3441; x_wconf 87' lang='lat' dir='ltr'>invitum</span> <span class='ocrx_word' id='word_1_216' title='bbox 867 3376 1032 3441; x_wconf 89' lang='lat' dir='ltr'>detrudere</span> <span class='ocrx_word' id='word_1_217' title='bbox 1054 3397 1118 3440; x_wconf 92' lang='lat' dir='ltr'>non</span> <span class='ocrx_word' id='word_1_218' title='bbox 1141 3374 1288 3461; x_wconf 83' lang='lat' dir='ltr'>plaeet²³.</span> 
     </span>
    </p>

    <p class='ocr_par' dir='ltr' id='par_1_12' title="bbox 266 3479 1351 3565">
     <span class='ocr_line' id='line_1_30' title="bbox 266 3479 1351 3565; baseline 0 -21"><span class='ocrx_word' id='word_1_219' title='bbox 266 3481 297 3545; x_wconf 79' lang='grc'>2.</span> <span class='ocrx_word' id='word_1_220' title='bbox 335 3528 469 3547; x_wconf 90' lang='grc'><strong>......</strong></span> <span class='ocrx_word' id='word_1_221' title='bbox 501 3479 535 3546; x_wconf 84' lang='lat' dir='ltr'>si</span> <span class='ocrx_word' id='word_1_222' title='bbox 558 3481 647 3565; x_wconf 86' lang='lat' dir='ltr'>quis,</span> <span class='ocrx_word' id='word_1_223' title='bbox 678 3503 751 3546; x_wconf 92' lang='lat' dir='ltr'>oum</span> <span class='ocrx_word' id='word_1_224' title='bbox 783 3481 818 3545; x_wconf 95' lang='lat' dir='ltr'>in</span> <span class='ocrx_word' id='word_1_225' title='bbox 847 3482 1043 3565; x_wconf 85' lang='lat' dir='ltr'>possessione</span> <span class='ocrx_word' id='word_1_226' title='bbox 1075 3481 1232 3546; x_wconf 90' lang='lat' dir='ltr'>bonorum</span> <span class='ocrx_word' id='word_1_227' title='bbox 1260 3485 1351 3561; x_wconf 82' lang='lat' dir='ltr'>esset,</span> 
     </span>
    </p>
   </div>
   <div class='ocr_carea' id='block_1_5' title="bbox 179 3640 387 3648">
    <p class='ocr_par' dir='ltr' id='par_1_13' title="bbox 179 3640 387 3648">
     <span class='ocr_line' id='line_1_31' title="bbox 179 3640 387 3648; baseline 0 0"><span class='ocrx_word' id='word_1_228' title='bbox 179 3640 387 3648; x_wconf 47' lang='lat' dir='ltr'>ffl———.</span> 
     </span>
    </p>
   </div>
   <div class='ocr_carea' id='block_1_6' title="bbox 173 3741 1351 4522">
    <p class='ocr_par' dir='ltr' id='par_1_14' title="bbox 173 3741 1351 4522">
     <span class='ocr_line' id='line_1_32' title="bbox 258 3741 1350 3813; baseline 0 -17"><span class='ocrx_word' id='word_1_229' title='bbox 258 3742 285 3813; x_wconf 84' lang='lat'>1)</span> <span class='ocrx_word' id='word_1_230' title='bbox 304 3742 391 3799; x_wconf 82' lang='lat' dir='ltr'>Rubr.</span> <span class='ocrx_word' id='word_1_231' title='bbox 409 3744 512 3800; x_wconf 72' lang='lat' dir='ltr'>rubebat</span> <span class='ocrx_word' id='word_1_232' title='bbox 529 3741 592 3798; x_wconf 74' lang='lat' dir='ltr'>Gai.</span> <span class='ocrx_word' id='word_1_233' title='bbox 611 3743 648 3798; x_wconf 91' lang='lat' dir='ltr'>D.</span> <span class='ocrx_word' id='word_1_234' title='bbox 666 3743 795 3811; x_wconf 77' lang='lat'><em>50‚14‚48.</em></span> <span class='ocrx_word' id='word_1_235' title='bbox 834 3742 877 3812; x_wconf 84' lang='lat' dir='ltr'>Of.</span> <span class='ocrx_word' id='word_1_236' title='bbox 896 3743 932 3800; x_wconf 84' lang='grc' dir='ltr'>Ε.</span> <span class='ocrx_word' id='word_1_237' title='bbox 951 3742 983 3799; x_wconf 91' lang='grc' dir='ltr'>Ρ.</span> <span class='ocrx_word' id='word_1_238' title='bbox 1001 3748 1018 3810; x_wconf 85' lang='lat'><em>§</em></span> <span class='ocrx_word' id='word_1_239' title='bbox 1035 3747 1095 3799; x_wconf 85' lang='lat'><em>201.</em></span> <span class='ocrx_word' id='word_1_240' title='bbox 1121 3773 1146 3784; x_wconf 94' lang='grc'>-</span> <span class='ocrx_word' id='word_1_241' title='bbox 1164 3744 1192 3810; x_wconf 82' lang='lat'>2)</span> <span class='ocrx_word' id='word_1_242' title='bbox 1211 3742 1296 3797; x_wconf 77' lang='lat' dir='ltr'>Rudr.</span> <span class='ocrx_word' id='word_1_243' title='bbox 1313 3743 1350 3797; x_wconf 88' lang='lat' dir='ltr'>D.</span> 
     </span>
     <span class='ocr_line' id='line_1_33' title="bbox 178 3830 1351 3902; baseline 0.004 -21"><span class='ocrx_word' id='word_1_244' title='bbox 178 3832 246 3897; x_wconf 65' lang='lat' dir='ltr'>rar.</span> <span class='ocrx_word' id='word_1_245' title='bbox 266 3862 301 3871; x_wconf 94' lang='lat'><em>-</em></span> <span class='ocrx_word' id='word_1_246' title='bbox 325 3830 352 3899; x_wconf 77' lang='grc'>3)</span> <span class='ocrx_word' id='word_1_247' title='bbox 371 3830 409 3886; x_wconf 81' lang='lat'>1).</span> <span class='ocrx_word' id='word_1_248' title='bbox 426 3833 548 3900; x_wconf 60' lang='lat' dir='ltr'>aaron.</span> <span class='ocrx_word' id='word_1_249' title='bbox 568 3862 599 3872; x_wconf 86' lang='lat'><em>-</em></span> <span class='ocrx_word' id='word_1_250' title='bbox 618 3832 646 3902; x_wconf 79' lang='grc'>4)</span> <span class='ocrx_word' id='word_1_251' title='bbox 665 3831 701 3886; x_wconf 84' lang='lat'>1).</span> <span class='ocrx_word' id='word_1_252' title='bbox 721 3835 842 3900; x_wconf 75' lang='lat'><strong><em>42,4,7,1.</em></strong></span> <span class='ocrx_word' id='word_1_253' title='bbox 881 3832 935 3888; x_wconf 75' lang='lat' dir='ltr'>oo.</span> <span class='ocrx_word' id='word_1_254' title='bbox 950 3849 1004 3902; x_wconf 72' lang='lat' dir='ltr'>pro</span> <span class='ocrx_word' id='word_1_255' title='bbox 1023 3833 1148 3902; x_wconf 66' lang='lat' dir='ltr'>Quinto</span> <span class='ocrx_word' id='word_1_256' title='bbox 1164 3835 1257 3900; x_wconf 63' lang='lat' dir='ltr'>roeo:</span> <span class='ocrx_word' id='word_1_257' title='bbox 1280 3831 1351 3886; x_wconf 75' lang='lat' dir='ltr'>edic-</span> 
     </span>
     <span class='ocr_line' id='line_1_34' title="bbox 179 3918 1350 3990; baseline 0.001 -18"><span class='ocrx_word' id='word_1_258' title='bbox 179 3923 240 3972; x_wconf 89' lang='lat' dir='ltr'>tum</span> <span class='ocrx_word' id='word_1_259' title='bbox 265 3919 321 3989; x_wconf 83' lang='lat' dir='ltr'>‘qui</span> <span class='ocrx_word' id='word_1_260' title='bbox 338 3919 527 3976; x_wconf 84' lang='lat' dir='ltr'>fraudationis</span> <span class='ocrx_word' id='word_1_261' title='bbox 546 3937 631 3976; x_wconf 85' lang='lat' dir='ltr'>causa</span> <span class='ocrx_word' id='word_1_262' title='bbox 649 3918 796 3975; x_wconf 86' lang='lat' dir='ltr'>latitarit.&#39;</span> <span class='ocrx_word' id='word_1_263' title='bbox 826 3949 859 3960; x_wconf 89' lang='lat'>-</span> <span class='ocrx_word' id='word_1_264' title='bbox 886 3923 912 3987; x_wconf 78' lang='lat'>5)</span> <span class='ocrx_word' id='word_1_265' title='bbox 932 3919 985 3975; x_wconf 73' lang='lat' dir='ltr'>oe.</span> <span class='ocrx_word' id='word_1_266' title='bbox 999 3937 1053 3990; x_wconf 75' lang='lat' dir='ltr'>pro</span> <span class='ocrx_word' id='word_1_267' title='bbox 1071 3919 1197 3990; x_wconf 70' lang='lat' dir='ltr'>Quinolio</span> <span class='ocrx_word' id='word_1_268' title='bbox 1213 3922 1298 3987; x_wconf 81' lang='lat'><em>19‚60.</em></span> <span class='ocrx_word' id='word_1_269' title='bbox 1319 3949 1350 3959; x_wconf 85' lang='lat'>-·</span> 
     </span>
     <span class='ocr_line' id='line_1_35' title="bbox 178 4006 1351 4079; baseline 0.003 -21"><span class='ocrx_word' id='word_1_270' title='bbox 178 4009 205 4073; x_wconf 75' lang='lat' dir='ltr'>o)</span> <span class='ocrx_word' id='word_1_271' title='bbox 230 4007 405 4075; x_wconf 66' lang='lat' dir='ltr'>1).42,4‚e„r.</span> <span class='ocrx_word' id='word_1_272' title='bbox 435 4041 464 4049; x_wconf 81' lang='lat'><em>-</em></span> <span class='ocrx_word' id='word_1_273' title='bbox 495 4007 522 4078; x_wconf 74' lang='lat' dir='ltr'>a)</span> <span class='ocrx_word' id='word_1_274' title='bbox 552 4007 605 4062; x_wconf 75' lang='lat' dir='ltr'>oo.</span> <span class='ocrx_word' id='word_1_275' title='bbox 619 4023 673 4078; x_wconf 76' lang='lat' dir='ltr'>pro</span> <span class='ocrx_word' id='word_1_276' title='bbox 692 4007 817 4078; x_wconf 71' lang='lat' dir='ltr'>Qoewuo</span> <span class='ocrx_word' id='word_1_277' title='bbox 835 4011 919 4076; x_wconf 72' lang='lat' dir='ltr'>raro.</span> <span class='ocrx_word' id='word_1_278' title='bbox 951 4039 984 4049; x_wconf 91' lang='lat'>-</span> <span class='ocrx_word' id='word_1_279' title='bbox 1012 4008 1040 4079; x_wconf 82' lang='grc'>8)</span> <span class='ocrx_word' id='word_1_280' title='bbox 1059 4009 1095 4064; x_wconf 85' lang='lat' dir='ltr'>n.</span> <span class='ocrx_word' id='word_1_281' title='bbox 1113 4011 1232 4076; x_wconf 77' lang='lat' dir='ltr'>28,a,1‚1.</span> <span class='ocrx_word' id='word_1_282' title='bbox 1261 4038 1296 4047; x_wconf 91' lang='lat'>--</span> <span class='ocrx_word' id='word_1_283' title='bbox 1323 4006 1351 4076; x_wconf 86' lang='lat'>9)</span> 
     </span>
     <span class='ocr_line' id='line_1_36' title="bbox 179 4094 1351 4167; baseline -0.001 -19"><span class='ocrx_word' id='word_1_284' title='bbox 179 4094 217 4150; x_wconf 86' lang='lat' dir='ltr'>n.</span> <span class='ocrx_word' id='word_1_285' title='bbox 234 4098 325 4164; x_wconf 63' lang='lat' dir='ltr'>meo</span> <span class='ocrx_word' id='word_1_286' title='bbox 340 4113 383 4165; x_wconf 68' lang='lat' dir='ltr'>pr.</span> <span class='ocrx_word' id='word_1_287' title='bbox 417 4127 438 4134; x_wconf 87' lang='lat'>-</span> <span class='ocrx_word' id='word_1_288' title='bbox 474 4098 517 4166; x_wconf 84' lang='lat' dir='ltr'>ro)</span> <span class='ocrx_word' id='word_1_289' title='bbox 534 4096 572 4150; x_wconf 85' lang='lat' dir='ltr'>n</span> <span class='ocrx_word' id='word_1_290' title='bbox 590 4099 732 4166; x_wconf 58' lang='lat' dir='ltr'>enarra.</span> <span class='ocrx_word' id='word_1_291' title='bbox 753 4127 783 4138; x_wconf 80' lang='lat'>-</span> <span class='ocrx_word' id='word_1_292' title='bbox 807 4100 851 4167; x_wconf 74' lang='lat'>11)</span> <span class='ocrx_word' id='word_1_293' title='bbox 874 4097 1009 4152; x_wconf 70' lang='lat' dir='ltr'>Vmorem</span> <span class='ocrx_word' id='word_1_294' title='bbox 1025 4097 1103 4154; x_wconf 75' lang='lat' dir='ltr'>uzon</span> <span class='ocrx_word' id='word_1_295' title='bbox 1120 4096 1269 4150; x_wconf 66' lang='lat' dir='ltr'>enmono</span> <span class='ocrx_word' id='word_1_296' title='bbox 1295 4094 1351 4163; x_wconf 71' lang='lat' dir='ltr'>‘qui</span> 
     </span>
     <span class='ocr_line' id='line_1_37' title="bbox 176 4181 1350 4256; baseline 0 -19"><span class='ocrx_word' id='word_1_297' title='bbox 176 4181 266 4237; x_wconf 83' lang='lat' dir='ltr'>exsilii</span> <span class='ocrx_word' id='word_1_298' title='bbox 291 4199 374 4237; x_wconf 84' lang='lat' dir='ltr'>eausa</span> <span class='ocrx_word' id='word_1_299' title='bbox 399 4184 488 4240; x_wconf 81' lang='lat' dir='ltr'>solum</span> <span class='ocrx_word' id='word_1_300' title='bbox 513 4183 640 4241; x_wconf 84' lang='lat' dir='ltr'>verterit&#39;</span> <span class='ocrx_word' id='word_1_301' title='bbox 669 4184 736 4254; x_wconf 77' lang='lat' dir='ltr'>(ou.</span> <span class='ocrx_word' id='word_1_302' title='bbox 757 4203 787 4256; x_wconf 84' lang='lat' dir='ltr'>p.</span> <span class='ocrx_word' id='word_1_303' title='bbox 806 4185 932 4256; x_wconf 60' lang='lat' dir='ltr'>Quomodo</span> <span class='ocrx_word' id='word_1_304' title='bbox 949 4184 1039 4255; x_wconf 86' lang='grc'>19,60)</span> <span class='ocrx_word' id='word_1_305' title='bbox 1064 4185 1095 4239; x_wconf 80' lang='lat' dir='ltr'>e&#39;n</span> <span class='ocrx_word' id='word_1_306' title='bbox 1121 4184 1236 4238; x_wconf 64' lang='lat' dir='ltr'>ennom</span> <span class='ocrx_word' id='word_1_307' title='bbox 1257 4198 1350 4251; x_wconf 77' lang='lat' dir='ltr'>porpe-</span> 
     </span>
     <span class='ocr_line' id='line_1_38' title="bbox 173 4270 1350 4344; baseline 0 -18"><span class='ocrx_word' id='word_1_308' title='bbox 173 4278 251 4326; x_wconf 82' lang='lat' dir='ltr'>tuum</span> <span class='ocrx_word' id='word_1_309' title='bbox 268 4274 395 4328; x_wconf 59' lang='lat' dir='ltr'>ammisse</span> <span class='ocrx_word' id='word_1_310' title='bbox 411 4275 470 4328; x_wconf 77' lang='lat' dir='ltr'>ueri</span> <span class='ocrx_word' id='word_1_311' title='bbox 486 4274 612 4328; x_wconf 68' lang='lat' dir='ltr'>dissimulo</span> <span class='ocrx_word' id='word_1_312' title='bbox 630 4279 675 4329; x_wconf 80' lang='lat' dir='ltr'>est.</span> <span class='ocrx_word' id='word_1_313' title='bbox 707 4305 733 4314; x_wconf 91' lang='lat'><em>-</em></span> <span class='ocrx_word' id='word_1_314' title='bbox 767 4273 810 4344; x_wconf 85' lang='lat'>12)</span> <span class='ocrx_word' id='word_1_315' title='bbox 831 4272 873 4342; x_wconf 81' lang='lat' dir='ltr'>Of.</span> <span class='ocrx_word' id='word_1_316' title='bbox 892 4273 974 4328; x_wconf 75' lang='lat' dir='ltr'>Proh.</span> <span class='ocrx_word' id='word_1_317' title='bbox 993 4275 1070 4338; x_wconf 75' lang='lat'><strong><em>5,24:</em></strong></span> <span class='ocrx_word' id='word_1_318' title='bbox 1101 4270 1135 4326; x_wconf 85' lang='lat' dir='ltr'>‘b.</span> <span class='ocrx_word' id='word_1_319' title='bbox 1155 4288 1177 4328; x_wconf 91' lang='lat' dir='ltr'>e.</span> <span class='ocrx_word' id='word_1_320' title='bbox 1196 4287 1218 4326; x_wconf 90' lang='lat' dir='ltr'>e.</span> <span class='ocrx_word' id='word_1_321' title='bbox 1238 4288 1264 4341; x_wconf 90' lang='lat' dir='ltr'>p.</span> <span class='ocrx_word' id='word_1_322' title='bbox 1277 4289 1304 4340; x_wconf 89' lang='lat' dir='ltr'>p.</span> <span class='ocrx_word' id='word_1_323' title='bbox 1323 4288 1350 4326; x_wconf 88' lang='lat' dir='ltr'>v.</span> 
     </span>
     <span class='ocr_line' id='line_1_39' title="bbox 176 4356 1350 4434; baseline 0.003 -21"><span class='ocrx_word' id='word_1_324' title='bbox 176 4377 203 4429; x_wconf 90' lang='lat' dir='ltr'>q.</span> <span class='ocrx_word' id='word_1_325' title='bbox 221 4359 241 4414; x_wconf 86' lang='lat' dir='ltr'>i.</span> <span class='ocrx_word' id='word_1_326' title='bbox 258 4381 294 4408; x_wconf 85' lang='lat'>=</span> <span class='ocrx_word' id='word_1_327' title='bbox 311 4360 385 4417; x_wconf 85' lang='lat' dir='ltr'>bona</span> <span class='ocrx_word' id='word_1_328' title='bbox 409 4379 442 4416; x_wconf 85' lang='lat' dir='ltr'>ex</span> <span class='ocrx_word' id='word_1_329' title='bbox 460 4361 545 4418; x_wconf 75' lang='lat' dir='ltr'>edioto</span> <span class='ocrx_word' id='word_1_330' title='bbox 569 4362 705 4434; x_wconf 84' lang='lat' dir='ltr'>possideri</span> <span class='ocrx_word' id='word_1_331' title='bbox 730 4361 866 4434; x_wconf 88' lang='lat' dir='ltr'>proseribi</span> <span class='ocrx_word' id='word_1_332' title='bbox 883 4360 1027 4429; x_wconf 83' lang='lat' dir='ltr'>renirique</span> <span class='ocrx_word' id='word_1_333' title='bbox 1046 4357 1165 4414; x_wconf 67' lang='lat' dir='ltr'>iubebo!</span> <span class='ocrx_word' id='word_1_334' title='bbox 1201 4356 1262 4414; x_wconf 75' lang='lat' dir='ltr'>Gai.</span> <span class='ocrx_word' id='word_1_335' title='bbox 1281 4361 1350 4428; x_wconf 81' lang='grc'><strong>3,79.</strong></span> 
     </span>
     <span class='ocr_line' id='line_1_40' title="bbox 178 4447 646 4522; baseline 0.011 -19"><span class='ocrx_word' id='word_1_336' title='bbox 178 4477 214 4489; x_wconf 94' lang='grc'>-</span> <span class='ocrx_word' id='word_1_337' title='bbox 234 4448 277 4522; x_wconf 80' lang='lat'>13)</span> <span class='ocrx_word' id='word_1_338' title='bbox 298 4447 352 4505; x_wconf 72' lang='lat' dir='ltr'>Gir.</span> <span class='ocrx_word' id='word_1_339' title='bbox 366 4464 396 4517; x_wconf 79' lang='lat' dir='ltr'>p.</span> <span class='ocrx_word' id='word_1_340' title='bbox 416 4448 541 4520; x_wconf 65' lang='grc' dir='ltr'>ριιίπσείο</span> <span class='ocrx_word' id='word_1_341' title='bbox 558 4453 646 4520; x_wconf 81' lang='grc'><em>27,84.</em></span> 
     </span>
    </p>
   </div>
   <div class='ocr_carea' id='block_1_7' title="bbox 0 0 1632 5154">
    <p class='ocr_par' dir='ltr' id='par_1_15' title="bbox 0 0 1632 5154">
     <span class='ocr_line' id='line_1_41' title="bbox 0 0 1632 5154; baseline 0 2"><span class='ocrx_word' id='word_1_342' title='bbox 0 0 1632 5154; x_wconf 95' lang='lat' dir='ltr'> </span> 
     </span>
    </p>
   </div>
  </div>
 </body>
</html>
