<?xml version="1.0" encoding="UTF-8"?>
<!DOCTYPE html PUBLIC "-//W3C//DTD XHTML 1.0 Transitional//EN"
    "http://www.w3.org/TR/xhtml1/DTD/xhtml1-transitional.dtd">
<html xmlns="http://www.w3.org/1999/xhtml" xml:lang="en" lang="en">
 <head>
  <title>
</title>
<meta http-equiv="Content-Type" content="text/html;charset=utf-8" />
  <meta name='ocr-system' content='tesseract 3.04.00' />
  <meta name='ocr-capabilities' content='ocr_page ocr_carea ocr_par ocr_line ocrx_word'/>
</head>
<body>
  <div class='ocr_page' id='page_1' title='image "./fontesiurisroma00mommgoog_0010.png"; bbox 0 0 3184 5156; ppageno 0'>
   <div class='ocr_carea' id='block_1_1' title="bbox 228 379 276 448">
    <p class='ocr_par' dir='ltr' id='par_1_1' title="bbox 228 379 276 448">
     <span class='ocr_line' id='line_1_1' title="bbox 228 379 276 448; baseline 0 0"><span class='ocrx_word' id='word_1_1' title='bbox 228 379 276 448; x_wconf 88' lang='lat' dir='ltr'>VI</span> 
     </span>
    </p>
   </div>
   <div class='ocr_carea' id='block_1_2' title="bbox 229 548 1397 638">
    <p class='ocr_par' dir='ltr' id='par_1_2' title="bbox 229 548 1397 638">
     <span class='ocr_line' id='line_1_2' title="bbox 229 548 1397 638; baseline -0.009 -15"><span class='ocrx_word' id='word_1_2' title='bbox 229 559 263 622; x_wconf 96' lang='lat' dir='ltr'>in</span> <span class='ocrx_word' id='word_1_3' title='bbox 286 556 428 622; x_wconf 82' lang='lat' dir='ltr'><strong>ordinem</strong></span> <span class='ocrx_word' id='word_1_4' title='bbox 452 555 620 621; x_wconf 88' lang='lat' dir='ltr'>verborum</span> <span class='ocrx_word' id='word_1_5' title='bbox 642 553 834 638; x_wconf 76' lang='lat' dir='ltr'>reciperetur</span> <span class='ocrx_word' id='word_1_6' title='bbox 857 556 922 633; x_wconf 89' lang='lat' dir='ltr'>aut,</span> <span class='ocrx_word' id='word_1_7' title='bbox 945 550 1001 617; x_wconf 93' lang='lat' dir='ltr'>ubi</span> <span class='ocrx_word' id='word_1_8' title='bbox 1016 549 1134 636; x_wconf 85' lang='lat' dir='ltr'>expelli</span> <span class='ocrx_word' id='word_1_9' title='bbox 1149 549 1268 630; x_wconf 80' lang='lat' dir='ltr'>debuit,</span> <span class='ocrx_word' id='word_1_10' title='bbox 1292 548 1397 614; x_wconf 87' lang='lat' dir='ltr'>exad-</span> 
     </span>
    </p>
   </div>
   <div class='ocr_carea' id='block_1_3' title="bbox 230 676 1399 885">
    <p class='ocr_par' dir='ltr' id='par_1_3' title="bbox 230 676 1399 885">
     <span class='ocr_line' id='line_1_3' title="bbox 230 676 715 761; baseline -0.008 -16"><span class='ocrx_word' id='word_1_11' title='bbox 230 680 394 745; x_wconf 88' lang='lat' dir='ltr'>notatione</span> <span class='ocrx_word' id='word_1_12' title='bbox 415 679 448 743; x_wconf 91' lang='lat' dir='ltr'>id</span> <span class='ocrx_word' id='word_1_13' title='bbox 469 676 715 761; x_wconf 67' lang='lat' dir='ltr'>intellegeretur.</span> 
     </span>
     <span class='ocr_line' id='line_1_4' title="bbox 315 795 1399 885; baseline -0.006 -19"><span class='ocrx_word' id='word_1_14' title='bbox 315 801 437 866; x_wconf 88' lang='lat' dir='ltr'>Deinde</span> <span class='ocrx_word' id='word_1_15' title='bbox 460 799 544 885; x_wconf 90' lang='lat' dir='ltr'>quod</span> <span class='ocrx_word' id='word_1_16' title='bbox 565 797 650 861; x_wconf 89' lang='lat' dir='ltr'>inter</span> <span class='ocrx_word' id='word_1_17' title='bbox 671 795 813 881; x_wconf 78' lang='lat' dir='ltr'>syllegae</span> <span class='ocrx_word' id='word_1_18' title='bbox 835 796 930 861; x_wconf 88' lang='lat' dir='ltr'>huius</span> <span class='ocrx_word' id='word_1_19' title='bbox 952 798 1122 882; x_wconf 82' lang='lat' dir='ltr'>praecipua</span> <span class='ocrx_word' id='word_1_20' title='bbox 1136 798 1251 863; x_wconf 88' lang='lat' dir='ltr'>merita</span> <span class='ocrx_word' id='word_1_21' title='bbox 1265 796 1338 875; x_wconf 87' lang='lat' dir='ltr'>fuit,</span> <span class='ocrx_word' id='word_1_22' title='bbox 1361 799 1399 860; x_wconf 93' lang='lat' dir='ltr'>ut</span> 
     </span>
    </p>
   </div>
   <div class='ocr_carea' id='block_1_4' title="bbox 230 917 1398 1009">
    <p class='ocr_par' dir='ltr' id='par_1_4' title="bbox 230 917 1398 1009">
     <span class='ocr_line' id='line_1_5' title="bbox 230 917 1398 1009; baseline -0.005 -21"><span class='ocrx_word' id='word_1_23' title='bbox 230 923 375 1009; x_wconf 90' lang='lat' dir='ltr'>quotiens</span> <span class='ocrx_word' id='word_1_24' title='bbox 390 924 493 988; x_wconf 91' lang='lat' dir='ltr'>denuo</span> <span class='ocrx_word' id='word_1_25' title='bbox 508 920 663 997; x_wconf 88' lang='lat' dir='ltr'>ederetur,</span> <span class='ocrx_word' id='word_1_26' title='bbox 688 917 843 1001; x_wconf 89' lang='lat' dir='ltr'>prodiret,</span> <span class='ocrx_word' id='word_1_27' title='bbox 866 918 899 982; x_wconf 95' lang='lat' dir='ltr'>id</span> <span class='ocrx_word' id='word_1_28' title='bbox 914 919 999 1003; x_wconf 93' lang='lat' dir='ltr'>quod</span> <span class='ocrx_word' id='word_1_29' title='bbox 1012 919 1081 1003; x_wconf 91' lang='lat' dir='ltr'>ipse</span> <span class='ocrx_word' id='word_1_30' title='bbox 1095 919 1251 984; x_wconf 89' lang='lat' dir='ltr'>Brunsius</span> <span class='ocrx_word' id='word_1_31' title='bbox 1267 922 1398 1003; x_wconf 81' lang='lat' dir='ltr'>quartae</span> 
     </span>
    </p>
   </div>
   <div class='ocr_carea' id='block_1_5' title="bbox 227 1041 1399 3207">
    <p class='ocr_par' dir='ltr' id='par_1_5' title="bbox 227 1041 1399 1865">
     <span class='ocr_line' id='line_1_6' title="bbox 227 1041 1396 1131; baseline -0.005 -21"><span class='ocrx_word' id='word_1_32' title='bbox 227 1045 297 1112; x_wconf 92' lang='lat' dir='ltr'>iure</span> <span class='ocrx_word' id='word_1_33' title='bbox 318 1044 529 1131; x_wconf 80' lang='lat' dir='ltr'>praescripsit,</span> <span class='ocrx_word' id='word_1_34' title='bbox 553 1042 675 1107; x_wconf 88' lang='lat' dir='ltr'>auctior</span> <span class='ocrx_word' id='word_1_35' title='bbox 696 1041 900 1122; x_wconf 83' lang='lat' dir='ltr'>emendatior,</span> <span class='ocrx_word' id='word_1_36' title='bbox 923 1042 957 1106; x_wconf 90' lang='lat' dir='ltr'>id</span> <span class='ocrx_word' id='word_1_37' title='bbox 978 1042 1012 1106; x_wconf 94' lang='lat' dir='ltr'>in</span> <span class='ocrx_word' id='word_1_38' title='bbox 1027 1043 1139 1128; x_wconf 88' lang='lat' dir='ltr'>quinta</span> <span class='ocrx_word' id='word_1_39' title='bbox 1162 1064 1221 1129; x_wconf 87' lang='lat' dir='ltr'>ego</span> <span class='ocrx_word' id='word_1_40' title='bbox 1236 1041 1344 1107; x_wconf 84' lang='lat' dir='ltr'>curavi</span> <span class='ocrx_word' id='word_1_41' title='bbox 1360 1044 1396 1105; x_wconf 90' lang='lat' dir='ltr'>ut</span> 
     </span>
     <span class='ocr_line' id='line_1_7' title="bbox 229 1164 1399 1252; baseline -0.004 -20"><span class='ocrx_word' id='word_1_42' title='bbox 229 1169 389 1252; x_wconf 88' lang='lat' dir='ltr'>retineret,</span> <span class='ocrx_word' id='word_1_43' title='bbox 411 1169 459 1233; x_wconf 89' lang='lat' dir='ltr'>ita</span> <span class='ocrx_word' id='word_1_44' title='bbox 480 1171 598 1244; x_wconf 89' lang='lat' dir='ltr'>tamen,</span> <span class='ocrx_word' id='word_1_45' title='bbox 621 1168 658 1229; x_wconf 92' lang='lat' dir='ltr'>ut</span> <span class='ocrx_word' id='word_1_46' title='bbox 681 1164 873 1229; x_wconf 85' lang='lat' dir='ltr'>abstinerem</span> <span class='ocrx_word' id='word_1_47' title='bbox 896 1165 936 1229; x_wconf 94' lang='lat' dir='ltr'>ab</span> <span class='ocrx_word' id='word_1_48' title='bbox 959 1186 996 1230; x_wconf 90' lang='lat' dir='ltr'>ea</span> <span class='ocrx_word' id='word_1_49' title='bbox 1018 1166 1195 1243; x_wconf 90' lang='lat' dir='ltr'>oneranda;</span> <span class='ocrx_word' id='word_1_50' title='bbox 1222 1166 1292 1250; x_wconf 89' lang='lat' dir='ltr'>ipsa</span> <span class='ocrx_word' id='word_1_51' title='bbox 1315 1164 1399 1229; x_wconf 91' lang='lat' dir='ltr'>enim</span> 
     </span>
     <span class='ocr_line' id='line_1_8' title="bbox 230 1288 1399 1374; baseline -0.003 -18"><span class='ocrx_word' id='word_1_52' title='bbox 230 1291 387 1356; x_wconf 88' lang='lat' dir='ltr'>brevitate</span> <span class='ocrx_word' id='word_1_53' title='bbox 409 1312 466 1355; x_wconf 92' lang='lat' dir='ltr'>sua</span> <span class='ocrx_word' id='word_1_54' title='bbox 488 1290 539 1354; x_wconf 82' lang='lat' dir='ltr'>vel</span> <span class='ocrx_word' id='word_1_55' title='bbox 560 1288 698 1354; x_wconf 84' lang='lat' dir='ltr'>maxime</span> <span class='ocrx_word' id='word_1_56' title='bbox 721 1291 753 1354; x_wconf 86' lang='lat' dir='ltr'>et</span> <span class='ocrx_word' id='word_1_57' title='bbox 775 1289 858 1356; x_wconf 89' lang='lat' dir='ltr'>nitet</span> <span class='ocrx_word' id='word_1_58' title='bbox 881 1292 913 1354; x_wconf 91' lang='lat' dir='ltr'>et</span> <span class='ocrx_word' id='word_1_59' title='bbox 927 1290 1066 1374; x_wconf 88' lang='lat' dir='ltr'>prodest.</span> <span class='ocrx_word' id='word_1_60' title='bbox 1100 1289 1231 1356; x_wconf 85' lang='lat' dir='ltr'>Praeter</span> <span class='ocrx_word' id='word_1_61' title='bbox 1253 1291 1315 1354; x_wconf 93' lang='lat' dir='ltr'>duo</span> <span class='ocrx_word' id='word_1_62' title='bbox 1330 1311 1399 1353; x_wconf 92' lang='lat' dir='ltr'>mo-</span> 
     </span>
     <span class='ocr_line' id='line_1_9' title="bbox 230 1409 1398 1500; baseline -0.003 -21"><span class='ocrx_word' id='word_1_63' title='bbox 230 1418 392 1494; x_wconf 92' lang='lat' dir='ltr'>numenta,</span> <span class='ocrx_word' id='word_1_64' title='bbox 415 1414 495 1500; x_wconf 91' lang='lat' dir='ltr'>legis</span> <span class='ocrx_word' id='word_1_65' title='bbox 512 1413 647 1478; x_wconf 88' lang='lat' dir='ltr'>fortasse</span> <span class='ocrx_word' id='word_1_66' title='bbox 662 1410 803 1476; x_wconf 87' lang='lat' dir='ltr'>Rubriae</span> <span class='ocrx_word' id='word_1_67' title='bbox 827 1411 1043 1498; x_wconf 79' lang='lat' dir='ltr'>fragmentum</span> <span class='ocrx_word' id='word_1_68' title='bbox 1058 1411 1243 1478; x_wconf 83' lang='lat' dir='ltr'>Atestinum</span> <span class='ocrx_word' id='word_1_69' title='bbox 1259 1413 1303 1497; x_wconf 83' lang='lat' dir='ltr'>(p.</span> <span class='ocrx_word' id='word_1_70' title='bbox 1321 1409 1398 1495; x_wconf 85' lang='lat'>100)</span> 
     </span>
     <span class='ocr_line' id='line_1_10' title="bbox 228 1535 1395 1621; baseline -0.002 -19"><span class='ocrx_word' id='word_1_71' title='bbox 228 1541 260 1602; x_wconf 91' lang='lat' dir='ltr'>et</span> <span class='ocrx_word' id='word_1_72' title='bbox 282 1538 442 1602; x_wconf 87' lang='lat' dir='ltr'>decretum</span> <span class='ocrx_word' id='word_1_73' title='bbox 464 1535 651 1620; x_wconf 88' lang='lat' dir='ltr'>pontificum</span> <span class='ocrx_word' id='word_1_74' title='bbox 674 1535 720 1620; x_wconf 88' lang='lat' dir='ltr'>(p.</span> <span class='ocrx_word' id='word_1_75' title='bbox 744 1535 833 1619; x_wconf 84' lang='lat'>221),</span> <span class='ocrx_word' id='word_1_76' title='bbox 860 1558 919 1619; x_wconf 91' lang='lat' dir='ltr'>pro</span> <span class='ocrx_word' id='word_1_77' title='bbox 942 1541 1075 1621; x_wconf 84' lang='lat' dir='ltr'>quartae</span> <span class='ocrx_word' id='word_1_78' title='bbox 1097 1537 1244 1602; x_wconf 90' lang='lat' dir='ltr'>editionis</span> <span class='ocrx_word' id='word_1_79' title='bbox 1266 1535 1395 1619; x_wconf 92' lang='lat' dir='ltr'>supple·</span> 
     </span>
     <span class='ocr_line' id='line_1_11' title="bbox 229 1656 1397 1743; baseline -0.002 -19"><span class='ocrx_word' id='word_1_80' title='bbox 229 1663 336 1724; x_wconf 92' lang='lat' dir='ltr'>mento</span> <span class='ocrx_word' id='word_1_81' title='bbox 361 1681 379 1723; x_wconf 95' lang='lat' dir='ltr'>a</span> <span class='ocrx_word' id='word_1_82' title='bbox 402 1680 453 1722; x_wconf 94' lang='lat' dir='ltr'>me</span> <span class='ocrx_word' id='word_1_83' title='bbox 475 1679 616 1722; x_wconf 89' lang='lat' dir='ltr'>seorsum</span> <span class='ocrx_word' id='word_1_84' title='bbox 639 1656 753 1722; x_wconf 91' lang='lat' dir='ltr'>emissa</span> <span class='ocrx_word' id='word_1_85' title='bbox 776 1679 804 1722; x_wconf 93' lang='lat' dir='ltr'>a.</span> <span class='ocrx_word' id='word_1_86' title='bbox 823 1657 917 1738; x_wconf 85' lang='grc'>1881,</span> <span class='ocrx_word' id='word_1_87' title='bbox 940 1659 1016 1743; x_wconf 90' lang='lat' dir='ltr'>quid</span> <span class='ocrx_word' id='word_1_88' title='bbox 1038 1659 1072 1723; x_wconf 95' lang='lat' dir='ltr'>in</span> <span class='ocrx_word' id='word_1_89' title='bbox 1094 1659 1155 1724; x_wconf 91' lang='lat' dir='ltr'>hac</span> <span class='ocrx_word' id='word_1_90' title='bbox 1182 1659 1319 1725; x_wconf 89' lang='lat' dir='ltr'>editione</span> <span class='ocrx_word' id='word_1_91' title='bbox 1345 1678 1397 1722; x_wconf 90' lang='lat' dir='ltr'>ae·</span> 
     </span>
     <span class='ocr_line' id='line_1_12' title="bbox 230 1779 965 1865; baseline -0.003 -18"><span class='ocrx_word' id='word_1_92' title='bbox 230 1781 369 1861; x_wconf 89' lang='lat' dir='ltr'>cesserit,</span> <span class='ocrx_word' id='word_1_93' title='bbox 393 1803 431 1845; x_wconf 89' lang='lat' dir='ltr'>ex</span> <span class='ocrx_word' id='word_1_94' title='bbox 452 1781 564 1845; x_wconf 86' lang='lat' dir='ltr'>tabula</span> <span class='ocrx_word' id='word_1_95' title='bbox 585 1779 727 1845; x_wconf 86' lang='lat' dir='ltr'>subiecta</span> <span class='ocrx_word' id='word_1_96' title='bbox 749 1785 965 1865; x_wconf 78' lang='lat' dir='ltr'>cognoscetur.</span> 
     </span>
    </p>

    <p class='ocr_par' dir='ltr' id='par_1_6' title="bbox 228 1902 1399 2964">
     <span class='ocr_line' id='line_1_13' title="bbox 315 1902 1397 1990; baseline -0.003 -22"><span class='ocrx_word' id='word_1_97' title='bbox 315 1903 421 1968; x_wconf 80' lang='lat' dir='ltr'>Edicti</span> <span class='ocrx_word' id='word_1_98' title='bbox 443 1902 587 1987; x_wconf 88' lang='lat' dir='ltr'>perpetui</span> <span class='ocrx_word' id='word_1_99' title='bbox 610 1902 761 1987; x_wconf 87' lang='lat' dir='ltr'>reliquias</span> <span class='ocrx_word' id='word_1_100' title='bbox 783 1925 854 1968; x_wconf 88' lang='lat' dir='ltr'>cum</span> <span class='ocrx_word' id='word_1_101' title='bbox 874 1904 1013 1969; x_wconf 83' lang='lat' dir='ltr'>viderem</span> <span class='ocrx_word' id='word_1_102' title='bbox 1034 1908 1108 1988; x_wconf 90' lang='lat' dir='ltr'>post</span> <span class='ocrx_word' id='word_1_103' title='bbox 1135 1903 1278 1990; x_wconf 87' lang='lat' dir='ltr'>egregias</span> <span class='ocrx_word' id='word_1_104' title='bbox 1307 1924 1397 1966; x_wconf 87' lang='lat' dir='ltr'>curas</span> 
     </span>
     <span class='ocr_line' id='line_1_14' title="bbox 229 2023 1397 2109; baseline -0.004 -16"><span class='ocrx_word' id='word_1_105' title='bbox 229 2023 356 2093; x_wconf 73' lang='lat' dir='ltr'>ononis</span> <span class='ocrx_word' id='word_1_106' title='bbox 381 2025 475 2095; x_wconf 70' lang='lat' dir='ltr'>bonel</span> <span class='ocrx_word' id='word_1_107' title='bbox 509 2025 582 2109; x_wconf 81' lang='lat' dir='ltr'>(dus</span> <span class='ocrx_word' id='word_1_108' title='bbox 602 2025 751 2090; x_wconf 78' lang='lat' dir='ltr'>Edictum</span> <span class='ocrx_word' id='word_1_109' title='bbox 767 2031 963 2106; x_wconf 78' lang='lat' dir='ltr'>perpetuum,</span> <span class='ocrx_word' id='word_1_110' title='bbox 987 2028 1037 2091; x_wconf 81' lang='lat' dir='ltr'>eia</span> <span class='ocrx_word' id='word_1_111' title='bbox 1068 2025 1205 2092; x_wconf 76' lang='lat' dir='ltr'>Versueb</span> <span class='ocrx_word' id='word_1_112' title='bbox 1227 2047 1267 2089; x_wconf 72' lang='lat' dir='ltr'>su</span> <span class='ocrx_word' id='word_1_113' title='bbox 1290 2023 1397 2089; x_wconf 74' lang='lat' dir='ltr'>descen</span> 
     </span>
     <span class='ocr_line' id='line_1_15' title="bbox 235 2146 1397 2234; baseline -0.002 -22"><span class='ocrx_word' id='word_1_114' title='bbox 235 2146 555 2231; x_wconf 78' lang='lat' dir='ltr'>ll&#39;iederberstellcep.</span> <span class='ocrx_word' id='word_1_115' title='bbox 589 2148 713 2233; x_wconf 90' lang='lat' dir='ltr'>Lipsiae</span> <span class='ocrx_word' id='word_1_116' title='bbox 739 2148 836 2232; x_wconf 88' lang='grc'>1883)</span> <span class='ocrx_word' id='word_1_117' title='bbox 868 2172 932 2213; x_wconf 91' lang='lat' dir='ltr'>non</span> <span class='ocrx_word' id='word_1_118' title='bbox 961 2172 1052 2234; x_wconf 90' lang='lat' dir='ltr'>posse</span> <span class='ocrx_word' id='word_1_119' title='bbox 1075 2149 1189 2234; x_wconf 91' lang='lat' dir='ltr'>repeti,</span> <span class='ocrx_word' id='word_1_120' title='bbox 1222 2152 1259 2212; x_wconf 90' lang='lat' dir='ltr'>ut</span> <span class='ocrx_word' id='word_1_121' title='bbox 1280 2147 1397 2231; x_wconf 91' lang='lat' dir='ltr'>repeti-</span> 
     </span>
     <span class='ocr_line' id='line_1_16' title="bbox 228 2268 1399 2356; baseline 0.001 -23"><span class='ocrx_word' id='word_1_122' title='bbox 228 2273 319 2334; x_wconf 85' lang='lat' dir='ltr'>verat</span> <span class='ocrx_word' id='word_1_123' title='bbox 341 2268 506 2348; x_wconf 92' lang='lat' dir='ltr'>Brunsius,</span> <span class='ocrx_word' id='word_1_124' title='bbox 534 2270 574 2334; x_wconf 89' lang='lat' dir='ltr'>ad</span> <span class='ocrx_word' id='word_1_125' title='bbox 596 2271 807 2336; x_wconf 89' lang='lat' dir='ltr'>recensionem</span> <span class='ocrx_word' id='word_1_126' title='bbox 833 2269 1086 2353; x_wconf 83' lang='lat' dir='ltr'>Rudorffianam‚</span> <span class='ocrx_word' id='word_1_127' title='bbox 1117 2272 1249 2356; x_wconf 90' lang='lat' dir='ltr'>abipso</span> <span class='ocrx_word' id='word_1_128' title='bbox 1272 2270 1399 2335; x_wconf 84' lang='lat' dir='ltr'>Lenelio</span> 
     </span>
     <span class='ocr_line' id='line_1_17' title="bbox 229 2391 1399 2478; baseline 0 -23"><span class='ocrx_word' id='word_1_129' title='bbox 229 2391 415 2475; x_wconf 86' lang='lat' dir='ltr'>impetravi,</span> <span class='ocrx_word' id='word_1_130' title='bbox 447 2395 485 2456; x_wconf 93' lang='lat' dir='ltr'>ut</span> <span class='ocrx_word' id='word_1_131' title='bbox 506 2414 579 2456; x_wconf 92' lang='lat' dir='ltr'>eum</span> <span class='ocrx_word' id='word_1_132' title='bbox 600 2393 741 2458; x_wconf 92' lang='lat' dir='ltr'>laborem</span> <span class='ocrx_word' id='word_1_133' title='bbox 763 2393 797 2457; x_wconf 94' lang='lat' dir='ltr'>in</span> <span class='ocrx_word' id='word_1_134' title='bbox 820 2413 853 2458; x_wconf 92' lang='lat' dir='ltr'>se</span> <span class='ocrx_word' id='word_1_135' title='bbox 875 2395 1037 2478; x_wconf 89' lang='lat' dir='ltr'>reciperet.</span> <span class='ocrx_word' id='word_1_136' title='bbox 1083 2393 1214 2459; x_wconf 85' lang='lat' dir='ltr'>Praeter</span> <span class='ocrx_word' id='word_1_137' title='bbox 1236 2415 1318 2472; x_wconf 91' lang='lat' dir='ltr'>eum,</span> <span class='ocrx_word' id='word_1_138' title='bbox 1343 2393 1399 2477; x_wconf 91' lang='lat' dir='ltr'>qui</span> 
     </span>
     <span class='ocr_line' id='line_1_18' title="bbox 229 2513 1398 2599; baseline 0.001 -22"><span class='ocrx_word' id='word_1_139' title='bbox 229 2519 296 2578; x_wconf 87' lang='lat' dir='ltr'>tam</span> <span class='ocrx_word' id='word_1_140' title='bbox 327 2513 448 2599; x_wconf 88' lang='lat' dir='ltr'>insigni</span> <span class='ocrx_word' id='word_1_141' title='bbox 470 2518 610 2580; x_wconf 86' lang='lat' dir='ltr'>tractatu</span> <span class='ocrx_word' id='word_1_142' title='bbox 640 2516 759 2580; x_wconf 91' lang='lat' dir='ltr'>librum</span> <span class='ocrx_word' id='word_1_143' title='bbox 789 2515 874 2581; x_wconf 89' lang='lat' dir='ltr'>hunc</span> <span class='ocrx_word' id='word_1_144' title='bbox 897 2518 1080 2594; x_wconf 84' lang='lat' dir='ltr'>exornavit,</span> <span class='ocrx_word' id='word_1_145' title='bbox 1114 2517 1208 2581; x_wconf 90' lang='lat' dir='ltr'>multi</span> <span class='ocrx_word' id='word_1_146' title='bbox 1230 2515 1291 2580; x_wconf 85' lang='lat' dir='ltr'>viri</span> <span class='ocrx_word' id='word_1_147' title='bbox 1313 2515 1398 2580; x_wconf 88' lang='lat' dir='ltr'>docti</span> 
     </span>
     <span class='ocr_line' id='line_1_19' title="bbox 230 2635 1399 2722; baseline 0.001 -22"><span class='ocrx_word' id='word_1_148' title='bbox 230 2640 297 2700; x_wconf 88' lang='lat' dir='ltr'>tam</span> <span class='ocrx_word' id='word_1_149' title='bbox 320 2635 478 2722; x_wconf 88' lang='lat' dir='ltr'>philologi</span> <span class='ocrx_word' id='word_1_150' title='bbox 501 2658 598 2720; x_wconf 89' lang='lat' dir='ltr'>quam</span> <span class='ocrx_word' id='word_1_151' title='bbox 620 2635 698 2701; x_wconf 88' lang='lat' dir='ltr'>iuris</span> <span class='ocrx_word' id='word_1_152' title='bbox 721 2636 816 2721; x_wconf 90' lang='lat' dir='ltr'>periti</span> <span class='ocrx_word' id='word_1_153' title='bbox 839 2641 871 2702; x_wconf 93' lang='lat' dir='ltr'>et</span> <span class='ocrx_word' id='word_1_154' title='bbox 893 2637 1022 2703; x_wconf 89' lang='lat' dir='ltr'>Brunsii</span> <span class='ocrx_word' id='word_1_155' title='bbox 1050 2661 1145 2704; x_wconf 87' lang='lat' dir='ltr'>causa</span> <span class='ocrx_word' id='word_1_156' title='bbox 1167 2660 1258 2702; x_wconf 86' lang='lat' dir='ltr'>carae</span> <span class='ocrx_word' id='word_1_157' title='bbox 1280 2659 1399 2702; x_wconf 89' lang='lat' dir='ltr'>memo-</span> 
     </span>
     <span class='ocr_line' id='line_1_20' title="bbox 229 2758 1399 2846; baseline -0.002 -23"><span class='ocrx_word' id='word_1_158' title='bbox 229 2759 295 2824; x_wconf 93' lang='lat' dir='ltr'>riae</span> <span class='ocrx_word' id='word_1_159' title='bbox 317 2759 378 2822; x_wconf 84' lang='lat' dir='ltr'>riri</span> <span class='ocrx_word' id='word_1_160' title='bbox 401 2762 432 2823; x_wconf 90' lang='lat' dir='ltr'>et</span> <span class='ocrx_word' id='word_1_161' title='bbox 454 2779 525 2822; x_wconf 87' lang='lat' dir='ltr'>mea</span> <span class='ocrx_word' id='word_1_162' title='bbox 547 2758 602 2822; x_wconf 91' lang='lat' dir='ltr'>alii</span> <span class='ocrx_word' id='word_1_163' title='bbox 625 2758 696 2823; x_wconf 92' lang='lat' dir='ltr'>aliis</span> <span class='ocrx_word' id='word_1_164' title='bbox 719 2760 795 2824; x_wconf 92' lang='lat' dir='ltr'>locis</span> <span class='ocrx_word' id='word_1_165' title='bbox 817 2781 867 2824; x_wconf 92' lang='lat' dir='ltr'>me</span> <span class='ocrx_word' id='word_1_166' title='bbox 889 2759 1087 2842; x_wconf 82' lang='lat' dir='ltr'>adiuverunt,</span> <span class='ocrx_word' id='word_1_167' title='bbox 1111 2783 1247 2846; x_wconf 88' lang='lat' dir='ltr'>quorum</span> <span class='ocrx_word' id='word_1_168' title='bbox 1269 2759 1399 2824; x_wconf 89' lang='lat' dir='ltr'>nomina</span> 
     </span>
     <span class='ocr_line' id='line_1_21' title="bbox 231 2878 626 2964; baseline -0.003 -20"><span class='ocrx_word' id='word_1_169' title='bbox 231 2880 296 2945; x_wconf 91' lang='lat' dir='ltr'>suis</span> <span class='ocrx_word' id='word_1_170' title='bbox 318 2878 396 2945; x_wconf 88' lang='lat' dir='ltr'>locis</span> <span class='ocrx_word' id='word_1_171' title='bbox 419 2879 626 2964; x_wconf 90' lang='lat' dir='ltr'>reperientur.</span> 
     </span>
    </p>

    <p class='ocr_par' dir='ltr' id='par_1_7' title="bbox 232 3001 1398 3207">
     <span class='ocr_line' id='line_1_22' title="bbox 318 3001 1398 3088; baseline 0.003 -22"><span class='ocrx_word' id='word_1_172' title='bbox 318 3001 357 3066; x_wconf 92' lang='lat' dir='ltr'>In</span> <span class='ocrx_word' id='word_1_173' title='bbox 386 3002 456 3087; x_wconf 90' lang='lat' dir='ltr'>ipsa</span> <span class='ocrx_word' id='word_1_174' title='bbox 486 3001 624 3067; x_wconf 92' lang='lat' dir='ltr'>editione</span> <span class='ocrx_word' id='word_1_175' title='bbox 654 3003 793 3074; x_wconf 87' lang='lat' dir='ltr'>curanda</span> <span class='ocrx_word' id='word_1_176' title='bbox 822 3001 969 3088; x_wconf 89' lang='lat' dir='ltr'>egregius</span> <span class='ocrx_word' id='word_1_177' title='bbox 991 3003 1114 3068; x_wconf 88' lang='lat' dir='ltr'>iuvenis</span> <span class='ocrx_word' id='word_1_178' title='bbox 1138 3002 1300 3074; x_wconf 79' lang='lat' dir='ltr'>Bebrendt</span> <span class='ocrx_word' id='word_1_179' title='bbox 1323 3001 1398 3070; x_wconf 80' lang='lat' dir='ltr'>Pick</span> 
     </span>
     <span class='ocr_line' id='line_1_23' title="bbox 232 3122 1075 3207; baseline 0.001 -18"><span class='ocrx_word' id='word_1_180' title='bbox 232 3127 393 3189; x_wconf 89' lang='lat' dir='ltr'>strenuam</span> <span class='ocrx_word' id='word_1_181' title='bbox 416 3128 448 3189; x_wconf 94' lang='lat' dir='ltr'>et</span> <span class='ocrx_word' id='word_1_182' title='bbox 469 3123 630 3189; x_wconf 89' lang='lat' dir='ltr'>sollertem</span> <span class='ocrx_word' id='word_1_183' title='bbox 652 3143 781 3206; x_wconf 90' lang='lat' dir='ltr'>operam</span> <span class='ocrx_word' id='word_1_184' title='bbox 803 3122 883 3187; x_wconf 92' lang='lat' dir='ltr'>mihi</span> <span class='ocrx_word' id='word_1_185' title='bbox 905 3125 1075 3207; x_wconf 87' lang='lat' dir='ltr'>praestitit.</span> 
     </span>
    </p>
   </div>
   <div class='ocr_carea' id='block_1_6' title="bbox 317 3296 877 3488">
    <p class='ocr_par' dir='ltr' id='par_1_8' title="bbox 317 3296 877 3488">
     <span class='ocr_line' id='line_1_24' title="bbox 317 3296 877 3383; baseline 0.004 -19"><span class='ocrx_word' id='word_1_186' title='bbox 317 3296 437 3383; x_wconf 83' lang='lat' dir='ltr'>Scripsi</span> <span class='ocrx_word' id='word_1_187' title='bbox 459 3297 602 3364; x_wconf 90' lang='lat' dir='ltr'>Berolini</span> <span class='ocrx_word' id='word_1_188' title='bbox 627 3299 657 3363; x_wconf 88' lang='lat' dir='ltr'>d.</span> <span class='ocrx_word' id='word_1_189' title='bbox 680 3297 774 3363; x_wconf 89' lang='lat' dir='ltr'>XXII</span> <span class='ocrx_word' id='word_1_190' title='bbox 796 3296 877 3366; x_wconf 85' lang='lat' dir='ltr'>Nov.</span> 
     </span>
     <span class='ocr_line' id='line_1_25' title="bbox 439 3417 807 3488; baseline 0.008 -3"><span class='ocrx_word' id='word_1_191' title='bbox 439 3443 466 3485; x_wconf 88' lang='lat' dir='ltr'>a.</span> <span class='ocrx_word' id='word_1_192' title='bbox 490 3417 807 3488; x_wconf 80' lang='lat' dir='ltr'>MDOGGLXXXVI.</span> 
     </span>
    </p>
   </div>
   <div class='ocr_carea' id='block_1_7' title="bbox 0 0 1599 5156">
    <p class='ocr_par' dir='ltr' id='par_1_9' title="bbox 0 0 1599 5156">
     <span class='ocr_line' id='line_1_26' title="bbox 0 0 1599 5156; baseline 0 0"><span class='ocrx_word' id='word_1_193' title='bbox 0 0 1599 5156; x_wconf 95' lang='lat' dir='ltr'> </span> 
     </span>
    </p>
   </div>
  </div>
 </body>
</html>
