3256 5154
649 329 769 390 Senatus
786 333 922 390 consulta.
1305 337 1365 405 181

195 515 265 596 viri,
288 510 518 600 exposuislsent
539 512 615 578 huic
637 513 750 594 ordini,
773 517 897 598 patrem
920 513 987 580 eius
1011 513 1219 582 Alliatorium
1239 513 1366 582 cenum

194 621 304 688 emisse
336 620 452 685 fundos
484 641 556 684 cum
585 618 724 684 aedificis
754 620 789 683 in
808 617 813 706 Ι
833 619 962 705 regione
993 618 1163 686 Mutinensi
1176 617 1197 702 ¹,
1233 622 1288 707 qui
1309 631 1419 687 vo·35.

196 729 342 793 curentur
371 725 476 809 campi
505 724 622 805 Macri,
656 727 689 791 in
713 727 827 811 quibus
858 726 935 792 locis
964 731 1121 793 mercatus
1143 729 1193 812 api
1215 730 1367 814 supelrio·

194 833 283 897 ribus
306 831 419 898 solitus
447 835 530 896 esset
551 832 765 917 temporibus,
796 832 860 897 iam
884 855 940 917 per
963 832 1091 918 aliquod
1114 855 1214 898 annos
1237 834 1367 899 desisset

193 938 314 1017 heberi,
338 958 438 1022 eaque
458 933 463 1022 Ι
483 937 625 1003 aedificia
648 938 745 1024 longa
767 941 926 1004 vetustate
952 939 1167 1004 dilaberentur
1194 962 1295 1024 neque
1316 961 1366 1005 re-

193 1046 277 1111 fecta
299 1043 370 1108 usui
394 1046 498 1108 essent
521 1039 641 1124 futura,
664 1045 740 1129 quia
766 1066 867 1128 neque
886 1043 891 1130 Ι
910 1045 1073 1110 babitaret
1094 1045 1127 1108 in
1143 1044 1182 1108 iis
1198 1044 1367 1130 quisquam

194 1171 251 1216 nec
272 1149 368 1215 vellet
391 1147 425 1211 in
448 1148 571 1214 deserte
592 1147 646 1214 uc2
671 1150 796 1214 ruentia
818 1150 1041 1236 commigrare:
1073 1171 1114 1215 ne
1140 1150 1216 1236 quid
1236 1145 1242 1235 Ι
1262 1150 1367 1214 fraudi

194 1256 315 1320 multae
336 1256 546 1340 poenaeq(ue)
570 1260 652 1321 esset
674 1254 863 1340 Celsilss]ae,
896 1257 924 1321 si
947 1279 984 1322 ea
1006 1255 1157 1336 aedificia,
1190 1255 1227 1320 de
1250 1255 1367 1340 quibus

195 1363 228 1426 in
251 1361 312 1426 hoc
335 1359 447 1425 ordine
469 1363 575 1425 actum
595 1360 600 1446 Ι
620 1365 711 1442 esset,
737 1365 793 1426 aut
815 1361 966 1426 demolita
987 1361 1132 1442 fuissent,
1155 1364 1211 1426 aut
1233 1383 1270 1426 ea
1291 1364 1418 1425 con-40·

196 1463 334 1533 dicione³
363 1464 430 1531 sive
460 1487 517 1550 per
545 1487 579 1532 sc
616 1467 682 1531 sive
704 1488 776 1532 cum
799 1465 886 1550 agris
919 1459 1137 1546 vendildisset,
1172 1470 1209 1530 ut
1231 1465 1367 1550 emptori

193 1571 261 1637 sine
294 1569 405 1636 fraude
435 1592 493 1635 sua
524 1593 561 1636 ea
588 1573 750 1638 destruere
778 1571 953 1657 tollereque
975 1573 1102 1650 liceret3
1134 1569 1139 1652 Ι
1166 1555 1366 1636 infuturum

194 1680 300 1742 autem
324 1675 537 1742 admonendos
560 1682 681 1744 ceteros
704 1700 780 1756 esse,
812 1681 849 1743 ut
871 1679 1068 1763 apstinerent
1090 1699 1123 1743 se
1145 1699 1164 1742 a
1186 1680 1253 1742 tam
1274 1675 1366 1741 foedo

193 1803 308 1867 genere
331 1779 597 1868 negotieti0n[is],
619 1782 681 1847 hoc
695 1783 863 1867 praecipue
878 1782 1014 1863 saeculo,
1039 1805 1102 1868 quo
1118 1781 1250 1848 excitari
1266 1803 1348 1845 nova
1361 1778 1364 1867 Ι

194 1893 226 1954 et
248 1886 371 1953 ornari4
395 1887 551 1968 universa,
576 1889 691 1973 quibus
709 1889 845 1953 felicitas
872 1889 958 1953 orbis
986 1893 1154 1968 terralrum
1176 1887 1365 1972 splenderet,

196 1993 299 2079 magis
321 1993 521 2072 conveniret,
554 2016 651 2078 quam
679 1995 780 2059 ruinis
806 1994 1020 2060 aedificiorum
1043 1994 1142 2059 ullam
1165 1997 1289 2079 partem
1312 1992 1366 2056 de·

195 2097 377 2183 fcrm[ure⁶]
399 2097 403 2183 Ι
422 2097 536 2164 Italiae
559 2104 590 2164 et
613 2098 717 2164 adhuc
739 2100 876 2164 retinere
898 2101 1041 2183 priorum
1063 2104 1244 2183 temporum
1268 2099 1366 2182 [tacu
1375 2111 1420 2164 45.

195 2205 277 2268 riom
299 2225 379 2286 quac
399 2204 549 2269 uniuerso
571 2205 721 2288 offecisset
739 2203 744 2288 Ι
764 2205 811 2268 ite
833 2208 870 2269 ut
892 2205 1050 2270 diceretur
1070 2208 1231 2270 senectute
1253 2225 1290 2268 ac
1312 2206 1365 2267 tu-

195 2307 291 2396 m[uto
313 2309 379 2374 aa
399 2330 465 2375 reru
486 2308 667 2374 Romanum
688 2309 833 2392 pettam}

280 2413 444 2481 censuere.
488 2413 527 2480 In
549 2418 662 2480 senatu
675 2411 843 2502 ¹[satiaruut]
869 2467 876 2481 .
901 2467 908 2482 .
934 2464 942 2479 .
967 2465 975 2479 .

459 2609 510 2674 18.
544 2605 610 2674 SC.
634 2608 959 2674 Trebellianum
993 2629 1021 2672 a.
1044 2605 1113 2672 56⁷.

275 2749 442 2826 (Ulpianus
464 2749 482 2806 t.
503 2747 566 2806 III
579 2747 889 2820 fideicommissorum:
908 2745 1031 2804 Factum
1051 2747 1096 2804 est
1113 2743 1163 2806 SC.
1185 2746 1368 2820 temporibus

195 2846 328 2916 Neronis,
357 2843 440 2902 Vnt.
462 2843 520 2904 kal.
543 2841 633 2917 Sept,
659 2841 783 2901 Annaeo
803 2841 912 2901 Seneca
932 2843 962 2900 et
982 2841 1129 2901 Trebellio
1150 2842 1279 2901 Maximo
1300 2862 1366 2914 cos,

196 2944 281 3004 ouius
303 2942 392 3002 verba
412 2942 482 3000 baec
503 2941 601 3015 sunt:)

283 3048 364 3114 Cum
387 3051 468 3113 esset
490 3046 715 3131 aequissimum
737 3045 771 3109 in
787 3046 933 3111 omnibus
956 3045 1254 3111 fideicommissariis
1276 3045 1368 3111 here-

195 3154 349 3219 ditatibus
380 3153 408 3218 si
437 3175 501 3236 qua
531 3153 570 3218 de
602 3151 653 3216 his
683 3152 776 3217 bonis
798 3151 915 3217 iudicia
937 3153 1128 3236 penderent,
1163 3173 1201 3216 ex
1224 3149 1292 3215 his⁸
1316 3173 1367 3216 eos

196 3259 311 3338 subire,
344 3259 378 3322 in
402 3280 481 3343 qnos
503 3258 554 3322 ius
576 3257 762 3342 fructusque
784 3257 1021 3336 transferretur,
1050 3257 1158 3341 potius
1181 3278 1277 3341 quam
1300 3257 1366 3322 cui·

198 3385 259 3447 que
280 3362 507 3447 periculosam⁹
530 3385 596 3428 esse
618 3363 713 3428 fidem
735 3385 842 3428 suam:
865 3362 980 3446 placet,
1003 3367 1041 3427 ut
1057 3364 1206 3442 actiones,
1231 3363 1368 3446 quaein

198 3467 343 3532 heredem
367 3467 597 3552 heredibusque
620 3467 689 3532 dari
711 3467 830 3546 solent,
863 3488 915 3531 eas
938 3489 1040 3551 neque
1061 3469 1094 3532 in
1118 3489 1170 3533 eos
1193 3490 1295 3550 neque
1316 3467 1368 3531 bis

197 3573 276 3652 dari,
300 3570 356 3656 qui
377 3572 450 3638 fidei
473 3593 548 3637 suae
570 3571 771 3637 commissum
795 3570 850 3652 sic,
874 3572 922 3636 uti
945 3574 1050 3657 rogati
1073 3576 1186 3650 essent,
1210 3571 1368 3636 restituis·

196 3683 284 3758 sent,
316 3679 370 3744 sed
393 3678 444 3743 his
467 3681 499 3743 et
521 3677 554 3741 in
578 3699 649 3757 eos,
682 3677 797 3762 quibus
820 3699 858 3742 ex
880 3681 1070 3743 testamento
1093 3676 1368 3742 fideicommissum

196 3783 380 3849 restitutum
403 3783 535 3848 fuisset:
558 3805 621 3868 quo
644 3785 748 3868 magis
772 3783 806 3847 in
828 3784 986 3870 reliquum
1008 3783 1236 3849 confirmentur
1258 3804 1368 3866 supre-

195 3911 265 3953 mae
287 3887 508 3954 defunctorum
530 3888 719 3956 voluntates.

286 4061 312 4132 ῙΙ
330 4059 499 4117 Mnliniensi.
525 4093 560 4102 —
578 4063 607 4132 2)
625 4062 758 4116 desertae.
777 4093 813 4102 -
830 4063 859 4128 3)
880 4060 1047 4117 conditione.
1068 4091 1099 4100 —
1119 4060 1147 4129 4)
1165 4059 1260 4115 ornari
1278 4059 1316 4114 in.
1338 4091 1366 4098 -

198 4150 224 4212 5)
242 4148 403 4205 deformem.
432 4182 464 4190 -—
485 4151 511 4214 6)
529 4150 624 4220 suppl.
644 4150 702 4204 Mo.
729 4180 763 4190 -
792 4152 819 4220 7)
837 4149 876 4203 D.
894 4153 1040 4218 36,1,1,1.2.
1078 4147 1204 4202 Consules
1221 4147 1368 4215 quinaret

195 4241 299 4292 mter
315 4237 421 4306 suffecti
438 4243 502 4293 aaut
519 4239 587 4291 aaut
603 4242 634 4291 ut
650 4237 755 4291 udatur
772 4239 812 4290 56.
841 4267 873 4275 —
903 4235 931 4307 8)
950 4236 1007 4290 Mo.
1027 4237 1094 4290 coci.
1113 4252 1159 4290 eas
1178 4234 1251 4288 lites.
1279 4264 1313 4273 -
1341 4233 1369 4304 9)

195 4323 381 4392 periculosum
401 4325 457 4379 cod.
