<?xml version="1.0" encoding="UTF-8"?>
<!DOCTYPE html PUBLIC "-//W3C//DTD XHTML 1.0 Transitional//EN"
    "http://www.w3.org/TR/xhtml1/DTD/xhtml1-transitional.dtd">
<html xmlns="http://www.w3.org/1999/xhtml" xml:lang="en" lang="en">
 <head>
  <title>
</title>
<meta http-equiv="Content-Type" content="text/html;charset=utf-8" />
  <meta name='ocr-system' content='tesseract 3.04.00' />
  <meta name='ocr-capabilities' content='ocr_page ocr_carea ocr_par ocr_line ocrx_word'/>
</head>
<body>
  <div class='ocr_page' id='page_1' title='image "./fontesiurisroma00mommgoog_0247.png"; bbox 0 0 3256 5154; ppageno 0'>
   <div class='ocr_carea' id='block_1_1' title="bbox 560 355 1010 426">
    <p class='ocr_par' dir='ltr' id='par_1_1' title="bbox 560 355 1010 426">
     <span class='ocr_line' id='line_1_1' title="bbox 560 355 1010 426; baseline -0.009 -14"><span class='ocrx_word' id='word_1_1' title='bbox 560 355 779 413; x_wconf 72' lang='lat' dir='ltr'>constitutiones</span> <span class='ocrx_word' id='word_1_2' title='bbox 799 356 1010 426; x_wconf 82' lang='lat' dir='ltr'>imperatorum.</span> 
     </span>
    </p>
   </div>
   <div class='ocr_carea' id='block_1_2' title="bbox 360 600 1180 688">
    <p class='ocr_par' dir='ltr' id='par_1_2' title="bbox 360 600 1180 688">
     <span class='ocr_line' id='line_1_2' title="bbox 360 600 1180 688; baseline -0.002 -19"><span class='ocrx_word' id='word_1_3' title='bbox 360 605 388 669; x_wconf 86' lang='lat'>6.</span> <span class='ocrx_word' id='word_1_4' title='bbox 423 601 624 688; x_wconf 74' lang='lat' dir='ltr'>Epistula</span> <span class='ocrx_word' id='word_1_5' title='bbox 647 601 826 666; x_wconf 81' lang='lat' dir='ltr'>Traiani</span> <span class='ocrx_word' id='word_1_6' title='bbox 854 600 921 665; x_wconf 86' lang='lat' dir='ltr'>vel</span> <span class='ocrx_word' id='word_1_7' title='bbox 945 600 1180 667; x_wconf 82' lang='lat' dir='ltr'>Hadriani¹.</span> 
     </span>
    </p>
   </div>
   <div class='ocr_carea' id='block_1_3' title="bbox 197 741 1204 824">
    <p class='ocr_par' dir='ltr' id='par_1_3' title="bbox 197 741 1204 824">
     <span class='ocr_line' id='line_1_3' title="bbox 197 741 1204 824; baseline -0.007 -12"><span class='ocrx_word' id='word_1_8' title='bbox 197 790 1074 814; x_wconf 93' lang='grc'><strong>.................</strong></span> <span class='ocrx_word' id='word_1_9' title='bbox 1114 741 1204 824; x_wconf 67' lang='lat' dir='ltr'>fini</span> 
     </span>
    </p>
   </div>
   <div class='ocr_carea' id='block_1_4' title="bbox 195 846 1308 933">
    <p class='ocr_par' dir='ltr' id='par_1_4' title="bbox 195 846 1308 933">
     <span class='ocr_line' id='line_1_4' title="bbox 195 846 1308 933; baseline -0.006 -17"><span class='ocrx_word' id='word_1_10' title='bbox 195 897 1020 918; x_wconf 88' lang='grc'><strong>................</strong></span> <span class='ocrx_word' id='word_1_11' title='bbox 1065 846 1219 933; x_wconf 78' lang='lat' dir='ltr'>e09]uiti0</span> <span class='ocrx_word' id='word_1_12' title='bbox 1240 847 1308 928; x_wconf 89' lang='grc' dir='ltr'>-Ι</span> 
     </span>
    </p>
   </div>
   <div class='ocr_carea' id='block_1_5' title="bbox 195 1056 1404 1673">
    <p class='ocr_par' dir='ltr' id='par_1_5' title="bbox 195 1056 1404 1462">
     <span class='ocr_line' id='line_1_5' title="bbox 195 1056 1253 1145; baseline -0.005 -20"><span class='ocrx_word' id='word_1_13' title='bbox 195 1061 264 1145; x_wconf 87' lang='lat' dir='ltr'>[Ad</span> <span class='ocrx_word' id='word_1_14' title='bbox 284 1063 394 1142; x_wconf 65' lang='lat' dir='ltr'>iream</span> <span class='ocrx_word' id='word_1_15' title='bbox 415 1062 569 1127; x_wconf 75' lang='lat' dir='ltr'>memmei</span> <span class='ocrx_word' id='word_1_16' title='bbox 592 1081 671 1142; x_wconf 75' lang='lat' dir='ltr'>qnae</span> <span class='ocrx_word' id='word_1_17' title='bbox 693 1059 913 1140; x_wconf 81' lang='lat' dir='ltr'>cninscnmqne</span> <span class='ocrx_word' id='word_1_18' title='bbox 935 1059 994 1140; x_wconf 89' lang='lat' dir='ltr'>rei]</span> <span class='ocrx_word' id='word_1_19' title='bbox 1019 1056 1253 1122; x_wconf 74' lang='lat' dir='ltr'>nuntiationes²</span> 
     </span>
     <span class='ocr_line' id='line_1_6' title="bbox 196 1164 1404 1252; baseline -0.005 -20"><span class='ocrx_word' id='word_1_20' title='bbox 196 1168 344 1250; x_wconf 80' lang='lat' dir='ltr'>[posthac</span> <span class='ocrx_word' id='word_1_21' title='bbox 363 1170 445 1251; x_wconf 78' lang='lat' dir='ltr'>fient,</span> <span class='ocrx_word' id='word_1_22' title='bbox 469 1169 504 1231; x_wconf 86' lang='lat' dir='ltr'>in</span> <span class='ocrx_word' id='word_1_23' title='bbox 527 1166 628 1230; x_wconf 81' lang='lat' dir='ltr'>indice</span> <span class='ocrx_word' id='word_1_24' title='bbox 650 1185 713 1228; x_wconf 88' lang='lat' dir='ltr'>nno</span> <span class='ocrx_word' id='word_1_25' title='bbox 736 1164 855 1246; x_wconf 86' lang='lat' dir='ltr'>eadem]</span> <span class='ocrx_word' id='word_1_26' title='bbox 879 1164 1040 1228; x_wconf 85' lang='lat' dir='ltr'>observari</span> <span class='ocrx_word' id='word_1_27' title='bbox 1063 1164 1157 1228; x_wconf 85' lang='lat' dir='ltr'>debe·</span> <span class='ocrx_word' id='word_1_28' title='bbox 1381 1203 1404 1252; x_wconf 34' lang='lat'>5·</span> 
     </span>
     <span class='ocr_line' id='line_1_7' title="bbox 195 1268 1255 1358; baseline -0.007 -19"><span class='ocrx_word' id='word_1_29' title='bbox 195 1276 292 1358; x_wconf 68' lang='lat' dir='ltr'>[inni</span> <span class='ocrx_word' id='word_1_30' title='bbox 317 1295 396 1356; x_wconf 79' lang='lat' dir='ltr'>qaae</span> <span class='ocrx_word' id='word_1_31' title='bbox 418 1293 488 1337; x_wconf 85' lang='lat' dir='ltr'>cnm</span> <span class='ocrx_word' id='word_1_32' title='bbox 511 1274 592 1336; x_wconf 86' lang='lat' dir='ltr'>inler</span> <span class='ocrx_word' id='word_1_33' title='bbox 612 1272 756 1352; x_wconf 81' lang='lat' dir='ltr'>privates</span> <span class='ocrx_word' id='word_1_34' title='bbox 778 1269 821 1332; x_wconf 86' lang='lat' dir='ltr'>ad</span> <span class='ocrx_word' id='word_1_35' title='bbox 842 1269 958 1350; x_wconf 87' lang='lat' dir='ltr'>nnn]m</span> <span class='ocrx_word' id='word_1_36' title='bbox 980 1268 1116 1333; x_wconf 88' lang='lat' dir='ltr'>iudicem</span> <span class='ocrx_word' id='word_1_37' title='bbox 1138 1269 1255 1347; x_wconf 89' lang='lat' dir='ltr'>ibitur;</span> 
     </span>
     <span class='ocr_line' id='line_1_8' title="bbox 196 1374 1271 1462; baseline -0.005 -20"><span class='ocrx_word' id='word_1_38' title='bbox 196 1380 431 1462; x_wconf 76' lang='lat' dir='ltr'>[reciperatores</span> <span class='ocrx_word' id='word_1_39' title='bbox 453 1384 556 1442; x_wconf 86' lang='lat' dir='ltr'>nalem</span> <span class='ocrx_word' id='word_1_40' title='bbox 579 1377 632 1440; x_wconf 84' lang='lat' dir='ltr'>nli</span> <span class='ocrx_word' id='word_1_41' title='bbox 655 1376 691 1439; x_wconf 87' lang='lat' dir='ltr'>de</span> <span class='ocrx_word' id='word_1_42' title='bbox 713 1396 749 1438; x_wconf 92' lang='lat' dir='ltr'>ea</span> <span class='ocrx_word' id='word_1_43' title='bbox 771 1396 805 1438; x_wconf 90' lang='lat' dir='ltr'>re</span> <span class='ocrx_word' id='word_1_44' title='bbox 827 1374 1023 1455; x_wconf 82' lang='lat' dir='ltr'>soriie]ntur,</span> <span class='ocrx_word' id='word_1_45' title='bbox 1047 1375 1155 1438; x_wconf 87' lang='lat' dir='ltr'>eodem</span> <span class='ocrx_word' id='word_1_46' title='bbox 1178 1374 1271 1438; x_wconf 89' lang='lat' dir='ltr'>modo</span> 
     </span>
    </p>

    <p class='ocr_par' dir='ltr' id='par_1_6' title="bbox 198 1479 1239 1568">
     <span class='ocr_line' id='line_1_9' title="bbox 198 1479 1239 1568; baseline -0.003 -20"><span class='ocrx_word' id='word_1_47' title='bbox 198 1484 246 1566; x_wconf 90' lang='lat' dir='ltr'>[al</span> <span class='ocrx_word' id='word_1_48' title='bbox 267 1486 302 1548; x_wconf 86' lang='lat' dir='ltr'>in</span> <span class='ocrx_word' id='word_1_49' title='bbox 326 1505 422 1548; x_wconf 81' lang='lat' dir='ltr'>cansa</span> <span class='ocrx_word' id='word_1_50' title='bbox 439 1484 510 1568; x_wconf 74' lang='lat' dir='ltr'>fisci</span> <span class='ocrx_word' id='word_1_51' title='bbox 534 1484 709 1548; x_wconf 81' lang='lat' dir='ltr'>soriianlnr</span> <span class='ocrx_word' id='word_1_52' title='bbox 729 1481 801 1563; x_wconf 77' lang='lat' dir='ltr'>fieri</span> <span class='ocrx_word' id='word_1_53' title='bbox 822 1479 941 1562; x_wconf 75' lang='lat' dir='ltr'>dlebet,</span> <span class='ocrx_word' id='word_1_54' title='bbox 965 1503 1038 1564; x_wconf 85' lang='lat' dir='ltr'>quo,</span> <span class='ocrx_word' id='word_1_55' title='bbox 1061 1485 1098 1545; x_wconf 87' lang='lat' dir='ltr'>ut</span> <span class='ocrx_word' id='word_1_56' title='bbox 1120 1482 1239 1565; x_wconf 87' lang='lat' dir='ltr'>recipe-</span> 
     </span>
    </p>

    <p class='ocr_par' dir='ltr' id='par_1_7' title="bbox 197 1585 1124 1673">
     <span class='ocr_line' id='line_1_10' title="bbox 197 1585 1124 1673; baseline -0.003 -20"><span class='ocrx_word' id='word_1_57' title='bbox 197 1589 329 1673; x_wconf 81' lang='lat' dir='ltr'>[ralares</span> <span class='ocrx_word' id='word_1_58' title='bbox 352 1591 389 1654; x_wconf 91' lang='lat' dir='ltr'>de</span> <span class='ocrx_word' id='word_1_59' title='bbox 410 1611 444 1655; x_wconf 91' lang='lat' dir='ltr'>re</span> <span class='ocrx_word' id='word_1_60' title='bbox 465 1595 568 1653; x_wconf 77' lang='lat' dir='ltr'>cestra</span> <span class='ocrx_word' id='word_1_61' title='bbox 590 1585 788 1670; x_wconf 77' lang='lat' dir='ltr'>sariianllur,</span> <span class='ocrx_word' id='word_1_62' title='bbox 812 1586 892 1671; x_wconf 82' lang='lat' dir='ltr'>lege,</span> <span class='ocrx_word' id='word_1_63' title='bbox 916 1608 1012 1668; x_wconf 85' lang='lat' dir='ltr'>quam</span> <span class='ocrx_word' id='word_1_64' title='bbox 1034 1586 1124 1650; x_wconf 84' lang='lat' dir='ltr'>vobis</span> 
     </span>
    </p>
   </div>
   <div class='ocr_carea' id='block_1_6' title="bbox 196 1691 1423 1798">
    <p class='ocr_par' dir='ltr' id='par_1_8' title="bbox 196 1691 1423 1798">
     <span class='ocr_line' id='line_1_11' title="bbox 196 1691 1423 1798; baseline 0.028 -60"><span class='ocrx_word' id='word_1_65' title='bbox 196 1742 690 1760; x_wconf 49' lang='grc'>,,,,,,,,,,</span> <span class='ocrx_word' id='word_1_66' title='bbox 740 1691 861 1776; x_wconf 70' lang='lat' dir='ltr'>[dedii]</span> <span class='ocrx_word' id='word_1_67' title='bbox 885 1692 931 1759; x_wconf 90' lang='lat' dir='ltr'>fit.</span> <span class='ocrx_word' id='word_1_68' title='bbox 1383 1742 1423 1798; x_wconf 41' lang='lat'>10·</span> 
     </span>
    </p>
   </div>
   <div class='ocr_carea' id='block_1_7' title="bbox 240 1865 1347 1936">
    <p class='ocr_par' dir='ltr' id='par_1_9' title="bbox 240 1865 1347 1936">
     <span class='ocr_line' id='line_1_12' title="bbox 240 1865 1347 1936; baseline -0.003 -1"><span class='ocrx_word' id='word_1_69' title='bbox 240 1871 270 1936; x_wconf 83' lang='lat'>7.</span> <span class='ocrx_word' id='word_1_70' title='bbox 293 1870 520 1935; x_wconf 77' lang='lat' dir='ltr'><strong><em>Decretum</em></strong></span> <span class='ocrx_word' id='word_1_71' title='bbox 543 1868 587 1934; x_wconf 89' lang='lat' dir='ltr'>M.</span> <span class='ocrx_word' id='word_1_72' title='bbox 612 1867 778 1932; x_wconf 85' lang='lat' dir='ltr'>Aurelii</span> <span class='ocrx_word' id='word_1_73' title='bbox 801 1870 839 1931; x_wconf 87' lang='lat' dir='ltr'>et</span> <span class='ocrx_word' id='word_1_74' title='bbox 862 1865 1076 1931; x_wconf 78' lang='lat' dir='ltr'>Commodi</span> <span class='ocrx_word' id='word_1_75' title='bbox 1099 1892 1127 1933; x_wconf 82' lang='lat' dir='ltr'>a.</span> <span class='ocrx_word' id='word_1_76' title='bbox 1147 1869 1347 1934; x_wconf 72' lang='lat' dir='ltr'>lio-180³.</span> 
     </span>
    </p>
   </div>
   <div class='ocr_carea' id='block_1_8' title="bbox 197 2007 1460 2412">
    <p class='ocr_par' dir='ltr' id='par_1_10' title="bbox 197 2007 1460 2412">
     <span class='ocr_line' id='line_1_13' title="bbox 283 2007 1370 2094; baseline 0 -20"><span class='ocrx_word' id='word_1_77' title='bbox 283 2009 364 2094; x_wconf 91' lang='lat' dir='ltr'><strong>Imp.</strong></span> <span class='ocrx_word' id='word_1_78' title='bbox 388 2009 502 2075; x_wconf 76' lang='lat' dir='ltr'>(leesor</span> <span class='ocrx_word' id='word_1_79' title='bbox 526 2010 570 2074; x_wconf 89' lang='lat' dir='ltr'>M.</span> <span class='ocrx_word' id='word_1_80' title='bbox 595 2007 745 2073; x_wconf 82' lang='lat' dir='ltr'>Aurelius</span> <span class='ocrx_word' id='word_1_81' title='bbox 774 2010 779 2089; x_wconf 95' lang='grc' dir='ltr'>Ι</span> <span class='ocrx_word' id='word_1_82' title='bbox 808 2007 990 2072; x_wconf 85' lang='lat' dir='ltr'>Antoninus</span> <span class='ocrx_word' id='word_1_83' title='bbox 1014 2007 1098 2093; x_wconf 82' lang='lat' dir='ltr'>Aug.</span> <span class='ocrx_word' id='word_1_84' title='bbox 1129 2009 1135 2093; x_wconf 93' lang='grc' dir='ltr'>Ι</span> <span class='ocrx_word' id='word_1_85' title='bbox 1165 2007 1370 2074; x_wconf 77' lang='lat' dir='ltr'>Germanicus</span> 
     </span>
     <span class='ocr_line' id='line_1_14' title="bbox 197 2111 1404 2212; baseline -0.002 -31"><span class='ocrx_word' id='word_1_86' title='bbox 197 2115 344 2196; x_wconf 83' lang='lat' dir='ltr'>Sarmat,</span> <span class='ocrx_word' id='word_1_87' title='bbox 378 2119 410 2180; x_wconf 83' lang='lat' dir='ltr'>et</span> <span class='ocrx_word' id='word_1_88' title='bbox 430 2114 434 2201; x_wconf 96' lang='grc' dir='ltr'>Ι</span> <span class='ocrx_word' id='word_1_89' title='bbox 454 2115 528 2202; x_wconf 90' lang='lat' dir='ltr'>imp.</span> <span class='ocrx_word' id='word_1_90' title='bbox 554 2114 668 2181; x_wconf 77' lang='lat' dir='ltr'>Caesar</span> <span class='ocrx_word' id='word_1_91' title='bbox 691 2113 725 2179; x_wconf 81' lang='lat' dir='ltr'>L.</span> <span class='ocrx_word' id='word_1_92' title='bbox 750 2112 900 2177; x_wconf 84' lang='lat' dir='ltr'>Aurelius</span> <span class='ocrx_word' id='word_1_93' title='bbox 917 2123 929 2188; x_wconf 88' lang='grc' dir='ltr'>ΙΙ</span> <span class='ocrx_word' id='word_1_94' title='bbox 946 2113 1137 2176; x_wconf 78' lang='lat' dir='ltr'>Commodus</span> <span class='ocrx_word' id='word_1_95' title='bbox 1161 2112 1245 2199; x_wconf 81' lang='lat' dir='ltr'>Aug.</span> <span class='ocrx_word' id='word_1_96' title='bbox 1267 2111 1271 2200; x_wconf 98' lang='grc' dir='ltr'>Ι</span> <span class='ocrx_word' id='word_1_97' title='bbox 1292 2113 1370 2180; x_wconf 75' lang='lat' dir='ltr'>(ier-</span> <span class='ocrx_word' id='word_1_98' title='bbox 1382 2163 1404 2212; x_wconf 83' lang='lat'>5.</span> 
     </span>
     <span class='ocr_line' id='line_1_15' title="bbox 197 2217 1372 2304; baseline -0.003 -17"><span class='ocrx_word' id='word_1_99' title='bbox 197 2223 337 2287; x_wconf 84' lang='lat' dir='ltr'>manicas</span> <span class='ocrx_word' id='word_1_100' title='bbox 369 2219 564 2300; x_wconf 59' lang='lat' dir='ltr'>Sarmaticf,</span> <span class='ocrx_word' id='word_1_101' title='bbox 586 2221 589 2304; x_wconf 94' lang='grc' dir='ltr'>Ι</span> <span class='ocrx_word' id='word_1_102' title='bbox 609 2219 668 2283; x_wconf 91' lang='lat' dir='ltr'>hos</span> <span class='ocrx_word' id='word_1_103' title='bbox 692 2218 812 2303; x_wconf 76' lang='lat' dir='ltr'>lapides</span> <span class='ocrx_word' id='word_1_104' title='bbox 836 2217 988 2281; x_wconf 76' lang='lat' dir='ltr'>constitui</span> <span class='ocrx_word' id='word_1_105' title='bbox 1017 2217 1195 2281; x_wconf 78' lang='lat' dir='ltr'>iusserunt⁵</span> <span class='ocrx_word' id='word_1_106' title='bbox 1217 2222 1220 2300; x_wconf 96' lang='grc' dir='ltr'>Ι</span> <span class='ocrx_word' id='word_1_107' title='bbox 1241 2227 1372 2303; x_wconf 84' lang='lat' dir='ltr'>propter</span> 
     </span>
     <span class='ocr_line' id='line_1_16' title="bbox 198 2306 1460 2412; baseline -0.002 -22"><span class='ocrx_word' id='word_1_108' title='bbox 198 2325 438 2406; x_wconf 86' lang='lat' dir='ltr'>controversias,</span> <span class='ocrx_word' id='word_1_109' title='bbox 462 2311 543 2409; x_wconf 67' lang='lat' dir='ltr'>quae</span> <span class='ocrx_word' id='word_1_110' title='bbox 562 2322 671 2412; x_wconf 75' lang='lat' dir='ltr'>linter</span> <span class='ocrx_word' id='word_1_111' title='bbox 692 2326 883 2387; x_wconf 75' lang='lat' dir='ltr'>mercatores</span> <span class='ocrx_word' id='word_1_112' title='bbox 906 2325 938 2386; x_wconf 87' lang='lat' dir='ltr'>et</span> <span class='ocrx_word' id='word_1_113' title='bbox 960 2323 1120 2406; x_wconf 72' lang='lat' dir='ltr'>mancipes</span> <span class='ocrx_word' id='word_1_114' title='bbox 1137 2334 1148 2397; x_wconf 85' lang='grc' dir='ltr'>ΙΙ</span> <span class='ocrx_word' id='word_1_115' title='bbox 1166 2326 1254 2387; x_wconf 85' lang='lat' dir='ltr'>ortae</span> <span class='ocrx_word' id='word_1_116' title='bbox 1270 2328 1361 2387; x_wconf 84' lang='lat' dir='ltr'>eraut</span> <span class='ocrx_word' id='word_1_117' title='bbox 1456 2306 1460 2314; x_wconf 47' lang='grc'><strong>’</strong></span> 
     </span>
    </p>
   </div>
   <div class='ocr_carea' id='block_1_9' title="bbox 1363 2375 1423 2432">
    <p class='ocr_par' dir='ltr' id='par_1_11' title="bbox 1363 2375 1423 2432">
     <span class='ocr_line' id='line_1_17' title="bbox 1363 2375 1423 2432; baseline -0.033 0"><span class='ocrx_word' id='word_1_118' title='bbox 1363 2375 1370 2404; x_wconf 84' lang='lat'>’</span> <span class='ocrx_word' id='word_1_119' title='bbox 1384 2380 1423 2432; x_wconf 86' lang='lat'>10.</span> 
     </span>
    </p>
   </div>
   <div class='ocr_carea' id='block_1_10' title="bbox 195 2584 1376 4231">
    <p class='ocr_par' dir='ltr' id='par_1_12' title="bbox 195 2584 1376 4231">
     <span class='ocr_line' id='line_1_18' title="bbox 270 2584 1373 2656; baseline 0.003 -18"><span class='ocrx_word' id='word_1_120' title='bbox 270 2586 295 2654; x_wconf 84' lang='lat' dir='ltr'>l)</span> <span class='ocrx_word' id='word_1_121' title='bbox 318 2586 349 2639; x_wconf 81' lang='lat' dir='ltr'><strong><em>E</em></strong></span> <span class='ocrx_word' id='word_1_122' title='bbox 366 2587 468 2640; x_wconf 88' lang='lat' dir='ltr'>lamina</span> <span class='ocrx_word' id='word_1_123' title='bbox 491 2587 606 2654; x_wconf 77' lang='lat' dir='ltr'>ahenea,</span> <span class='ocrx_word' id='word_1_124' title='bbox 633 2602 701 2656; x_wconf 75' lang='lat' dir='ltr'>qnae</span> <span class='ocrx_word' id='word_1_125' title='bbox 724 2587 755 2638; x_wconf 90' lang='lat' dir='ltr'>in</span> <span class='ocrx_word' id='word_1_126' title='bbox 772 2585 911 2654; x_wconf 76' lang='lat' dir='ltr'>Hispania</span> <span class='ocrx_word' id='word_1_127' title='bbox 931 2601 1017 2654; x_wconf 79' lang='lat' dir='ltr'>prope</span> <span class='ocrx_word' id='word_1_128' title='bbox 1034 2584 1162 2640; x_wconf 83' lang='lat' dir='ltr'>Semllam</span> <span class='ocrx_word' id='word_1_129' title='bbox 1185 2588 1216 2641; x_wconf 88' lang='lat' dir='ltr'>in</span> <span class='ocrx_word' id='word_1_130' title='bbox 1229 2589 1373 2655; x_wconf 82' lang='lat' dir='ltr'>parietinis</span> 
     </span>
     <span class='ocr_line' id='line_1_19' title="bbox 197 2672 1372 2743; baseline 0.003 -17"><span class='ocrx_word' id='word_1_131' title='bbox 197 2675 304 2742; x_wconf 77' lang='lat' dir='ltr'>aniiqni</span> <span class='ocrx_word' id='word_1_132' title='bbox 321 2675 414 2742; x_wconf 78' lang='lat' dir='ltr'>oppidi</span> <span class='ocrx_word' id='word_1_133' title='bbox 431 2674 544 2728; x_wconf 77' lang='lat' dir='ltr'>Italicae</span> <span class='ocrx_word' id='word_1_134' title='bbox 563 2676 605 2741; x_wconf 90' lang='lat' dir='ltr'>(la</span> <span class='ocrx_word' id='word_1_135' title='bbox 626 2674 729 2741; x_wconf 83' lang='lat' dir='ltr'>Talea),</span> <span class='ocrx_word' id='word_1_136' title='bbox 748 2673 780 2726; x_wconf 86' lang='lat' dir='ltr'>de</span> <span class='ocrx_word' id='word_1_137' title='bbox 797 2690 849 2741; x_wconf 80' lang='lat' dir='ltr'>qno</span> <span class='ocrx_word' id='word_1_138' title='bbox 867 2691 891 2726; x_wconf 86' lang='lat' dir='ltr'>a.</span> <span class='ocrx_word' id='word_1_139' title='bbox 905 2672 1079 2726; x_wconf 84' lang='lat' dir='ltr'>Hnebnernm</span> <span class='ocrx_word' id='word_1_140' title='bbox 1099 2673 1126 2728; x_wconf 82' lang='grc' dir='ltr'>Ο,</span> <span class='ocrx_word' id='word_1_141' title='bbox 1146 2674 1169 2728; x_wconf 90' lang='grc'>1.</span> <span class='ocrx_word' id='word_1_142' title='bbox 1189 2675 1223 2728; x_wconf 88' lang='lat' dir='ltr'>L.</span> <span class='ocrx_word' id='word_1_143' title='bbox 1242 2679 1327 2743; x_wconf 75' lang='lat'>2,145,</span> <span class='ocrx_word' id='word_1_144' title='bbox 1346 2693 1372 2731; x_wconf 86' lang='lat' dir='ltr'>a.</span> 
     </span>
     <span class='ocr_line' id='line_1_20' title="bbox 198 2759 1374 2832; baseline 0.005 -21"><span class='ocrx_word' id='word_1_145' title='bbox 198 2762 266 2812; x_wconf 88' lang='grc'><em>1868</em></span> <span class='ocrx_word' id='word_1_146' title='bbox 292 2759 375 2828; x_wconf 77' lang='lat' dir='ltr'>effosa</span> <span class='ocrx_word' id='word_1_147' title='bbox 393 2778 465 2816; x_wconf 90' lang='lat' dir='ltr'>nnne</span> <span class='ocrx_word' id='word_1_148' title='bbox 482 2761 596 2815; x_wconf 81' lang='lat' dir='ltr'>Semllne</span> <span class='ocrx_word' id='word_1_149' title='bbox 613 2761 777 2816; x_wconf 65' lang='lat' dir='ltr'>amnentur.</span> <span class='ocrx_word' id='word_1_150' title='bbox 816 2760 942 2827; x_wconf 78' lang='lat' dir='ltr'>Lamina,</span> <span class='ocrx_word' id='word_1_151' title='bbox 968 2761 984 2812; x_wconf 92' lang='lat' dir='ltr'>l.</span> <span class='ocrx_word' id='word_1_152' title='bbox 1003 2776 1037 2813; x_wconf 85' lang='lat' dir='ltr'>m.</span> <span class='ocrx_word' id='word_1_153' title='bbox 1056 2764 1127 2828; x_wconf 82' lang='lat'>0,22,</span> <span class='ocrx_word' id='word_1_154' title='bbox 1152 2779 1177 2816; x_wconf 92' lang='lat' dir='ltr'>a.</span> <span class='ocrx_word' id='word_1_155' title='bbox 1197 2766 1265 2829; x_wconf 86' lang='lat'>0,16,</span> <span class='ocrx_word' id='word_1_156' title='bbox 1286 2780 1374 2832; x_wconf 82' lang='lat' dir='ltr'>paene</span> 
     </span>
     <span class='ocr_line' id='line_1_21' title="bbox 201 2847 1372 2916; baseline 0.003 -16"><span class='ocrx_word' id='word_1_157' title='bbox 201 2847 318 2915; x_wconf 77' lang='lat' dir='ltr'>nndiqae</span> <span class='ocrx_word' id='word_1_158' title='bbox 333 2848 428 2916; x_wconf 78' lang='lat' dir='ltr'>fracia</span> <span class='ocrx_word' id='word_1_159' title='bbox 447 2855 492 2904; x_wconf 85' lang='lat' dir='ltr'>eei.</span> <span class='ocrx_word' id='word_1_160' title='bbox 529 2848 695 2903; x_wconf 79' lang='lat' dir='ltr'>Litterarum</span> <span class='ocrx_word' id='word_1_161' title='bbox 708 2848 803 2916; x_wconf 81' lang='lat' dir='ltr'>forma</span> <span class='ocrx_word' id='word_1_162' title='bbox 821 2848 846 2900; x_wconf 89' lang='lat' dir='ltr'>ei</span> <span class='ocrx_word' id='word_1_163' title='bbox 861 2847 956 2900; x_wconf 81' lang='lat' dir='ltr'>similis</span> <span class='ocrx_word' id='word_1_164' title='bbox 968 2852 1014 2913; x_wconf 81' lang='lat' dir='ltr'>esi,</span> <span class='ocrx_word' id='word_1_165' title='bbox 1034 2863 1114 2914; x_wconf 76' lang='lat' dir='ltr'>qaam</span> <span class='ocrx_word' id='word_1_166' title='bbox 1124 2849 1201 2916; x_wconf 80' lang='lat' dir='ltr'>prior</span> <span class='ocrx_word' id='word_1_167' title='bbox 1214 2850 1308 2902; x_wconf 77' lang='lat' dir='ltr'>labala</span> <span class='ocrx_word' id='word_1_168' title='bbox 1325 2850 1372 2904; x_wconf 87' lang='lat' dir='ltr'>Ur-</span> 
     </span>
     <span class='ocr_line' id='line_1_22' title="bbox 195 2932 1376 3004; baseline 0.003 -18"><span class='ocrx_word' id='word_1_169' title='bbox 195 2934 314 2988; x_wconf 79' lang='lat' dir='ltr'>eanensis</span> <span class='ocrx_word' id='word_1_170' title='bbox 334 2936 429 3003; x_wconf 80' lang='lat' dir='ltr'>(supra</span> <span class='ocrx_word' id='word_1_171' title='bbox 442 2953 472 3004; x_wconf 85' lang='lat' dir='ltr'>p.</span> <span class='ocrx_word' id='word_1_172' title='bbox 483 2938 541 2996; x_wconf 83' lang='lat'><em>119)</em></span> <span class='ocrx_word' id='word_1_173' title='bbox 560 2935 671 3002; x_wconf 73' lang='lat' dir='ltr'>enimet,</span> <span class='ocrx_word' id='word_1_174' title='bbox 690 2950 772 3003; x_wconf 76' lang='lat' dir='ltr'>qnare</span> <span class='ocrx_word' id='word_1_175' title='bbox 789 2934 850 3001; x_wconf 79' lang='lat' dir='ltr'>i&#39;pea</span> <span class='ocrx_word' id='word_1_176' title='bbox 868 2949 971 3001; x_wconf 76' lang='lat' dir='ltr'>quoqne</span> <span class='ocrx_word' id='word_1_177' title='bbox 989 2932 1095 2986; x_wconf 65' lang='lat' dir='ltr'>militm</span> <span class='ocrx_word' id='word_1_178' title='bbox 1112 2936 1213 2988; x_wconf 81' lang='lat' dir='ltr'>sceenli</span> <span class='ocrx_word' id='word_1_179' title='bbox 1224 2952 1277 2989; x_wconf 80' lang='lat' dir='ltr'>esee</span> <span class='ocrx_word' id='word_1_180' title='bbox 1289 2938 1376 3004; x_wconf 77' lang='lat' dir='ltr'>primi</span> 
     </span>
     <span class='ocr_line' id='line_1_23' title="bbox 198 3021 1375 3078; baseline 0.003 -4"><span class='ocrx_word' id='word_1_181' title='bbox 198 3023 319 3076; x_wconf 81' lang='lat' dir='ltr'>eaenniis</span> <span class='ocrx_word' id='word_1_182' title='bbox 336 3023 377 3075; x_wconf 85' lang='lat' dir='ltr'>rel</span> <span class='ocrx_word' id='word_1_183' title='bbox 395 3022 520 3076; x_wconf 78' lang='lat' dir='ltr'>ineundis</span> <span class='ocrx_word' id='word_1_184' title='bbox 535 3022 651 3076; x_wconf 80' lang='lat' dir='ltr'>semmdi.</span> <span class='ocrx_word' id='word_1_185' title='bbox 685 3021 795 3075; x_wconf 81' lang='lat' dir='ltr'>Videim</span> <span class='ocrx_word' id='word_1_186' title='bbox 813 3022 947 3074; x_wconf 83' lang='lat' dir='ltr'>continere</span> <span class='ocrx_word' id='word_1_187' title='bbox 963 3027 1012 3075; x_wconf 85' lang='lat' dir='ltr'>ani</span> <span class='ocrx_word' id='word_1_188' title='bbox 1036 3021 1151 3074; x_wconf 82' lang='lat' dir='ltr'>Traiani</span> <span class='ocrx_word' id='word_1_189' title='bbox 1166 3029 1215 3076; x_wconf 83' lang='lat' dir='ltr'>ani</span> <span class='ocrx_word' id='word_1_190' title='bbox 1233 3023 1375 3078; x_wconf 88' lang='lat' dir='ltr'>Hadriani</span> 
     </span>
     <span class='ocr_line' id='line_1_24' title="bbox 200 3108 1373 3179; baseline 0.003 -16"><span class='ocrx_word' id='word_1_191' title='bbox 200 3111 353 3178; x_wconf 65' lang='lat' dir='ltr'>epistelam</span> <span class='ocrx_word' id='word_1_192' title='bbox 379 3127 443 3164; x_wconf 89' lang='lat' dir='ltr'>nam</span> <span class='ocrx_word' id='word_1_193' title='bbox 467 3111 572 3166; x_wconf 89' lang='lat' dir='ltr'>ePlin.</span> <span class='ocrx_word' id='word_1_194' title='bbox 593 3126 690 3179; x_wconf 77' lang='lat' dir='ltr'>panep.</span> <span class='ocrx_word' id='word_1_195' title='bbox 707 3112 793 3162; x_wconf 85' lang='lat'><strong><em>35-6</em></strong></span> <span class='ocrx_word' id='word_1_196' title='bbox 820 3114 924 3162; x_wconf 76' lang='lat' dir='ltr'>constal</span> <span class='ocrx_word' id='word_1_197' title='bbox 947 3125 965 3162; x_wconf 90' lang='lat' dir='ltr'>a</span> <span class='ocrx_word' id='word_1_198' title='bbox 985 3108 1104 3162; x_wconf 72' lang='lat' dir='ltr'>l&#39;raiano</span> <span class='ocrx_word' id='word_1_199' title='bbox 1128 3110 1232 3163; x_wconf 85' lang='lat' dir='ltr'>demam</span> <span class='ocrx_word' id='word_1_200' title='bbox 1255 3112 1373 3166; x_wconf 87' lang='lat' dir='ltr'>ordinem</span> 
     </span>
     <span class='ocr_line' id='line_1_25' title="bbox 201 3197 1375 3268; baseline 0.002 -18"><span class='ocrx_word' id='word_1_201' title='bbox 201 3199 361 3251; x_wconf 77' lang='lat' dir='ltr'>indiciorum</span> <span class='ocrx_word' id='word_1_202' title='bbox 377 3199 546 3266; x_wconf 77' lang='lat' dir='ltr'>privatorum</span> <span class='ocrx_word' id='word_1_203' title='bbox 563 3198 600 3252; x_wconf 88' lang='lat' dir='ltr'>ad</span> <span class='ocrx_word' id='word_1_204' title='bbox 617 3214 713 3251; x_wconf 81' lang='lat' dir='ltr'>censae</span> <span class='ocrx_word' id='word_1_205' title='bbox 727 3197 831 3265; x_wconf 74' lang='lat' dir='ltr'>fiscales</span> <span class='ocrx_word' id='word_1_206' title='bbox 849 3197 1010 3251; x_wconf 81' lang='lat' dir='ltr'>iranslatnm</span> <span class='ocrx_word' id='word_1_207' title='bbox 1028 3212 1089 3261; x_wconf 77' lang='lat' dir='ltr'>esse,</span> <span class='ocrx_word' id='word_1_208' title='bbox 1115 3198 1175 3251; x_wconf 82' lang='lat' dir='ltr'>lieet</span> <span class='ocrx_word' id='word_1_209' title='bbox 1188 3205 1307 3266; x_wconf 78' lang='lat' dir='ltr'>praeter,</span> <span class='ocrx_word' id='word_1_210' title='bbox 1327 3201 1375 3268; x_wconf 75' lang='lat' dir='ltr'>qai</span> 
     </span>
     <span class='ocr_line' id='line_1_26' title="bbox 201 3284 1374 3354; baseline 0.003 -16"><span class='ocrx_word' id='word_1_211' title='bbox 201 3287 271 3339; x_wconf 82' lang='lat' dir='ltr'>r&#39;nier</span> <span class='ocrx_word' id='word_1_212' title='bbox 297 3285 389 3349; x_wconf 76' lang='lat' dir='ltr'>iscam</span> <span class='ocrx_word' id='word_1_213' title='bbox 412 3291 437 3340; x_wconf 82' lang='lat' dir='ltr'>el</span> <span class='ocrx_word' id='word_1_214' title='bbox 457 3287 578 3354; x_wconf 61' lang='lat' dir='ltr'>meaios</span> <span class='ocrx_word' id='word_1_215' title='bbox 600 3287 644 3340; x_wconf 81' lang='lat' dir='ltr'>ins</span> <span class='ocrx_word' id='word_1_216' title='bbox 661 3286 769 3353; x_wconf 74' lang='lat' dir='ltr'>anea,</span> <span class='ocrx_word' id='word_1_217' title='bbox 797 3287 852 3339; x_wconf 86' lang='lat' dir='ltr'>iam</span> <span class='ocrx_word' id='word_1_218' title='bbox 869 3302 887 3338; x_wconf 92' lang='lat' dir='ltr'>a</span> <span class='ocrx_word' id='word_1_219' title='bbox 905 3284 997 3338; x_wconf 87' lang='lat' dir='ltr'>Nema</span> <span class='ocrx_word' id='word_1_220' title='bbox 1015 3285 1184 3340; x_wconf 73' lang='lat' dir='ltr'>ineradnelne</span> <span class='ocrx_word' id='word_1_221' title='bbox 1200 3289 1243 3340; x_wconf 84' lang='lat' dir='ltr'>eii.</span> <span class='ocrx_word' id='word_1_222' title='bbox 1281 3289 1316 3354; x_wconf 85' lang='lat' dir='ltr'>(a.</span> <span class='ocrx_word' id='word_1_223' title='bbox 1336 3287 1374 3341; x_wconf 92' lang='lat' dir='ltr'>D.</span> 
     </span>
     <span class='ocr_line' id='line_1_27' title="bbox 197 3372 1374 3442; baseline 0.003 -17"><span class='ocrx_word' id='word_1_224' title='bbox 197 3375 334 3441; x_wconf 80' lang='lat'>1‚2,2,32.)</span> <span class='ocrx_word' id='word_1_225' title='bbox 365 3373 476 3428; x_wconf 75' lang='lat' dir='ltr'>Plinius</span> <span class='ocrx_word' id='word_1_226' title='bbox 500 3374 580 3428; x_wconf 86' lang='lat' dir='ltr'>dieii:</span> <span class='ocrx_word' id='word_1_227' title='bbox 607 3374 735 3427; x_wconf 79' lang='lat' dir='ltr'>tribunul</span> <span class='ocrx_word' id='word_1_228' title='bbox 762 3373 954 3442; x_wconf 79' lang='lat' dir='ltr'>excogitatum</span> <span class='ocrx_word' id='word_1_229' title='bbox 975 3372 1148 3442; x_wconf 76' lang='lat' dir='ltr'>principatui</span> <span class='ocrx_word' id='word_1_230' title='bbox 1173 3376 1229 3439; x_wconf 84' lang='lat' dir='ltr'>est,</span> <span class='ocrx_word' id='word_1_231' title='bbox 1255 3391 1307 3442; x_wconf 87' lang='lat' dir='ltr'>par</span> <span class='ocrx_word' id='word_1_232' title='bbox 1331 3391 1374 3428; x_wconf 87' lang='lat' dir='ltr'>ee·</span> 
     </span>
     <span class='ocr_line' id='line_1_28' title="bbox 198 3460 1374 3530; baseline 0.002 -17"><span class='ocrx_word' id='word_1_233' title='bbox 198 3461 275 3514; x_wconf 80' lang='lat' dir='ltr'>teris.</span> <span class='ocrx_word' id='word_1_234' title='bbox 295 3491 331 3501; x_wconf 90' lang='lat'>-</span> <span class='ocrx_word' id='word_1_235' title='bbox 355 3461 418 3517; x_wconf 86' lang='lat' dir='ltr'>Sors</span> <span class='ocrx_word' id='word_1_236' title='bbox 445 3465 474 3517; x_wconf 89' lang='lat' dir='ltr'>et</span> <span class='ocrx_word' id='word_1_237' title='bbox 493 3479 565 3515; x_wconf 80' lang='lat' dir='ltr'>urna</span> <span class='ocrx_word' id='word_1_238' title='bbox 583 3461 647 3518; x_wconf 84' lang='lat' dir='ltr'>fisco</span> <span class='ocrx_word' id='word_1_239' title='bbox 665 3461 785 3515; x_wconf 84' lang='lat' dir='ltr'>iudicem</span> <span class='ocrx_word' id='word_1_240' title='bbox 804 3460 951 3530; x_wconf 82' lang='lat' dir='ltr'>adsignat,</span> <span class='ocrx_word' id='word_1_241' title='bbox 980 3461 1046 3515; x_wconf 86' lang='lat' dir='ltr'>licet</span> <span class='ocrx_word' id='word_1_242' title='bbox 1065 3460 1180 3525; x_wconf 86' lang='lat' dir='ltr'>reicere,</span> <span class='ocrx_word' id='word_1_243' title='bbox 1201 3461 1266 3515; x_wconf 84' lang='lat' dir='ltr'>licet</span> <span class='ocrx_word' id='word_1_244' title='bbox 1284 3463 1374 3516; x_wconf 84' lang='lat' dir='ltr'>excla-</span> 
     </span>
     <span class='ocr_line' id='line_1_29' title="bbox 198 3547 1376 3619; baseline 0.003 -20"><span class='ocrx_word' id='word_1_245' title='bbox 198 3564 290 3602; x_wconf 85' lang='lat' dir='ltr'>mare:</span> <span class='ocrx_word' id='word_1_246' title='bbox 318 3548 399 3601; x_wconf 87' lang='lat' dir='ltr'>‘hunc</span> <span class='ocrx_word' id='word_1_247' title='bbox 418 3548 501 3605; x_wconf 89' lang='lat' dir='ltr'>uolo’.</span> <span class='ocrx_word' id='word_1_248' title='bbox 522 3579 552 3586; x_wconf 98' lang='lat'>-</span> <span class='ocrx_word' id='word_1_249' title='bbox 573 3547 692 3600; x_wconf 83' lang='lat' dir='ltr'>Lamina</span> <span class='ocrx_word' id='word_1_250' title='bbox 719 3548 791 3601; x_wconf 84' lang='lat' dir='ltr'>edita</span> <span class='ocrx_word' id='word_1_251' title='bbox 817 3553 855 3600; x_wconf 81' lang='lat' dir='ltr'>eet</span> <span class='ocrx_word' id='word_1_252' title='bbox 869 3549 989 3616; x_wconf 78' lang='lat' dir='ltr'>primam</span> <span class='ocrx_word' id='word_1_253' title='bbox 1012 3564 1030 3601; x_wconf 91' lang='lat' dir='ltr'>a</span> <span class='ocrx_word' id='word_1_254' title='bbox 1048 3548 1186 3616; x_wconf 75' lang='lat' dir='ltr'>Berianpa</span> <span class='ocrx_word' id='word_1_255' title='bbox 1206 3550 1235 3601; x_wconf 89' lang='lat' dir='ltr'>in</span> <span class='ocrx_word' id='word_1_256' title='bbox 1253 3549 1289 3602; x_wconf 88' lang='lat' dir='ltr'>ed.</span> <span class='ocrx_word' id='word_1_257' title='bbox 1312 3551 1376 3619; x_wconf 70' lang='lat' dir='ltr'>lepis</span> 
     </span>
     <span class='ocr_line' id='line_1_30' title="bbox 204 3634 1375 3705; baseline 0.003 -18"><span class='ocrx_word' id='word_1_258' title='bbox 204 3634 297 3689; x_wconf 81' lang='lat' dir='ltr'>Urscn.</span> <span class='ocrx_word' id='word_1_259' title='bbox 323 3635 417 3689; x_wconf 80' lang='lat' dir='ltr'>addita</span> <span class='ocrx_word' id='word_1_260' title='bbox 440 3636 556 3690; x_wconf 87' lang='lat' dir='ltr'>laminae</span> <span class='ocrx_word' id='word_1_261' title='bbox 579 3637 707 3705; x_wconf 77' lang='lat' dir='ltr'>inopine,</span> <span class='ocrx_word' id='word_1_262' title='bbox 729 3642 822 3704; x_wconf 77' lang='lat' dir='ltr'>pastea</span> <span class='ocrx_word' id='word_1_263' title='bbox 848 3653 866 3689; x_wconf 88' lang='lat' dir='ltr'>a</span> <span class='ocrx_word' id='word_1_264' title='bbox 885 3635 942 3690; x_wconf 88' lang='lat' dir='ltr'>Mo.</span> <span class='ocrx_word' id='word_1_265' title='bbox 974 3636 1043 3705; x_wconf 79' lang='lat' dir='ltr'>(epi.</span> <span class='ocrx_word' id='word_1_266' title='bbox 1062 3653 1100 3704; x_wconf 81' lang='lat' dir='ltr'>ep.</span> <span class='ocrx_word' id='word_1_267' title='bbox 1119 3639 1208 3704; x_wconf 78' lang='lat'><em>2,149)</em></span> <span class='ocrx_word' id='word_1_268' title='bbox 1236 3639 1283 3704; x_wconf 74' lang='lat' dir='ltr'>qni</span> <span class='ocrx_word' id='word_1_269' title='bbox 1300 3638 1375 3691; x_wconf 79' lang='lat' dir='ltr'>darbi-</span> 
     </span>
     <span class='ocr_line' id='line_1_31' title="bbox 202 3723 1375 3792; baseline 0.003 -17"><span class='ocrx_word' id='word_1_270' title='bbox 202 3727 290 3776; x_wconf 84' lang='lat' dir='ltr'>tanier</span> <span class='ocrx_word' id='word_1_271' title='bbox 313 3723 451 3791; x_wconf 78' lang='lat' dir='ltr'>supplerit.</span> <span class='ocrx_word' id='word_1_272' title='bbox 491 3724 531 3792; x_wconf 81' lang='lat' dir='ltr'>Cf.</span> <span class='ocrx_word' id='word_1_273' title='bbox 550 3723 637 3778; x_wconf 78' lang='lat' dir='ltr'>ZGR.</span> <span class='ocrx_word' id='word_1_274' title='bbox 655 3727 758 3790; x_wconf 80' lang='lat'>12,126.</span> <span class='ocrx_word' id='word_1_275' title='bbox 783 3753 816 3761; x_wconf 81' lang='lat'>—</span> <span class='ocrx_word' id='word_1_276' title='bbox 841 3723 869 3790; x_wconf 83' lang='lat'>2)</span> <span class='ocrx_word' id='word_1_277' title='bbox 887 3723 932 3776; x_wconf 92' lang='lat' dir='ltr'>De</span> <span class='ocrx_word' id='word_1_278' title='bbox 948 3724 1171 3792; x_wconf 73' lang='lat' dir='ltr'>nuntiationibus,</span> <span class='ocrx_word' id='word_1_279' title='bbox 1194 3741 1261 3792; x_wconf 77' lang='lat' dir='ltr'>qnae</span> <span class='ocrx_word' id='word_1_280' title='bbox 1279 3726 1316 3778; x_wconf 90' lang='lat' dir='ltr'>ad</span> <span class='ocrx_word' id='word_1_281' title='bbox 1331 3725 1375 3792; x_wconf 80' lang='lat' dir='ltr'>fis-</span> 
     </span>
     <span class='ocr_line' id='line_1_32' title="bbox 198 3809 1376 3881; baseline 0.003 -18"><span class='ocrx_word' id='word_1_282' title='bbox 198 3809 352 3878; x_wconf 67' lang='lat' dir='ltr'>manni,</span> <span class='ocrx_word' id='word_1_283' title='bbox 371 3827 394 3864; x_wconf 80' lang='lat' dir='ltr'>a</span> <span class='ocrx_word' id='word_1_284' title='bbox 414 3811 451 3866; x_wconf 87' lang='lat' dir='ltr'>n.</span> <span class='ocrx_word' id='word_1_285' title='bbox 470 3816 579 3880; x_wconf 64' lang='lat' dir='ltr'>rems.</span> <span class='ocrx_word' id='word_1_286' title='bbox 599 3842 632 3852; x_wconf 92' lang='lat'><em>-</em></span> <span class='ocrx_word' id='word_1_287' title='bbox 652 3814 680 3881; x_wconf 86' lang='lat'>3)</span> <span class='ocrx_word' id='word_1_288' title='bbox 700 3810 727 3865; x_wconf 77' lang='lat' dir='ltr'>o,</span> <span class='ocrx_word' id='word_1_289' title='bbox 748 3811 825 3866; x_wconf 76' lang='grc'>11.</span> <span class='ocrx_word' id='word_1_290' title='bbox 844 3811 1241 3881; x_wconf 73' lang='lat' dir='ltr'>6,191n.1016(es.1ipien.</span> <span class='ocrx_word' id='word_1_291' title='bbox 1260 3815 1376 3881; x_wconf 66' lang='lat' dir='ltr'>epam</span> 
     </span>
     <span class='ocr_line' id='line_1_33' title="bbox 198 3898 1376 3970; baseline 0.003 -19"><span class='ocrx_word' id='word_1_292' title='bbox 198 3915 224 3951; x_wconf 90' lang='lat' dir='ltr'>n.</span> <span class='ocrx_word' id='word_1_293' title='bbox 243 3900 317 3966; x_wconf 80' lang='lat'><strong>787).</strong></span> <span class='ocrx_word' id='word_1_294' title='bbox 353 3898 446 3952; x_wconf 80' lang='lat' dir='ltr'>Hnins</span> <span class='ocrx_word' id='word_1_295' title='bbox 476 3900 574 3954; x_wconf 80' lang='lat' dir='ltr'>decreti</span> <span class='ocrx_word' id='word_1_296' title='bbox 599 3900 762 3968; x_wconf 81' lang='lat' dir='ltr'>cremplaria</span> <span class='ocrx_word' id='word_1_297' title='bbox 779 3900 888 3968; x_wconf 71' lang='lat' dir='ltr'>sinqnla</span> <span class='ocrx_word' id='word_1_298' title='bbox 904 3899 1029 3953; x_wconf 83' lang='lat' dir='ltr'>rideninr</span> <span class='ocrx_word' id='word_1_299' title='bbox 1051 3901 1191 3968; x_wconf 77' lang='lat' dir='ltr'>proposita</span> <span class='ocrx_word' id='word_1_300' title='bbox 1209 3900 1297 3970; x_wconf 75' lang='lat' dir='ltr'>fnisse</span> <span class='ocrx_word' id='word_1_301' title='bbox 1314 3907 1376 3954; x_wconf 87' lang='lat' dir='ltr'>anie</span> 
     </span>
     <span class='ocr_line' id='line_1_34' title="bbox 198 3985 1376 4056; baseline 0.003 -18"><span class='ocrx_word' id='word_1_302' title='bbox 198 3985 318 4054; x_wconf 73' lang='lat' dir='ltr'>sinpnlae</span> <span class='ocrx_word' id='word_1_303' title='bbox 341 3993 437 4054; x_wconf 76' lang='lat' dir='ltr'>portae</span> <span class='ocrx_word' id='word_1_304' title='bbox 459 3988 534 4041; x_wconf 84' lang='lat' dir='ltr'>mdis</span> <span class='ocrx_word' id='word_1_305' title='bbox 559 3987 673 4054; x_wconf 83' lang='lat' dir='ltr'>Romae,</span> <span class='ocrx_word' id='word_1_306' title='bbox 701 4003 813 4056; x_wconf 78' lang='lat' dir='ltr'>qnornm</span> <span class='ocrx_word' id='word_1_307' title='bbox 837 3987 874 4040; x_wconf 87' lang='lat' dir='ltr'>ael</span> <span class='ocrx_word' id='word_1_308' title='bbox 906 4003 954 4040; x_wconf 81' lang='lat' dir='ltr'>nas</span> <span class='ocrx_word' id='word_1_309' title='bbox 976 3994 1153 4056; x_wconf 81' lang='lat' dir='ltr'>peruenerant</span> <span class='ocrx_word' id='word_1_310' title='bbox 1180 3995 1319 4056; x_wconf 69' lang='lat' dir='ltr'>naamam,</span> <span class='ocrx_word' id='word_1_311' title='bbox 1346 3990 1376 4041; x_wconf 90' lang='lat' dir='ltr'>in</span> 
     </span>
     <span class='ocr_line' id='line_1_35' title="bbox 198 4072 1374 4144; baseline 0.005 -19"><span class='ocrx_word' id='word_1_312' title='bbox 198 4072 240 4126; x_wconf 76' lang='lat' dir='ltr'>liis</span> <span class='ocrx_word' id='word_1_313' title='bbox 265 4089 351 4126; x_wconf 76' lang='lat' dir='ltr'>eninm</span> <span class='ocrx_word' id='word_1_314' title='bbox 378 4073 465 4128; x_wconf 79' lang='lat' dir='ltr'>adine</span> <span class='ocrx_word' id='word_1_315' title='bbox 486 4080 616 4143; x_wconf 77' lang='lat' dir='ltr'>enpmeles</span> <span class='ocrx_word' id='word_1_316' title='bbox 640 4075 772 4143; x_wconf 70' lang='lat' dir='ltr'>inieqrnm</span> <span class='ocrx_word' id='word_1_317' title='bbox 795 4080 928 4142; x_wconf 80' lang='lat' dir='ltr'>reperiam</span> <span class='ocrx_word' id='word_1_318' title='bbox 955 4081 1018 4129; x_wconf 85' lang='lat' dir='ltr'>anie</span> <span class='ocrx_word' id='word_1_319' title='bbox 1040 4082 1149 4144; x_wconf 83' lang='lat' dir='ltr'>pariam</span> <span class='ocrx_word' id='word_1_320' title='bbox 1177 4075 1321 4132; x_wconf 78' lang='lat' dir='ltr'>Salariam.</span> <span class='ocrx_word' id='word_1_321' title='bbox 1343 4107 1374 4116; x_wconf 93' lang='lat'>—-</span> 
     </span>
     <span class='ocr_line' id='line_1_36' title="bbox 198 4160 1374 4231; baseline 0.004 -19"><span class='ocrx_word' id='word_1_322' title='bbox 198 4160 226 4229; x_wconf 83' lang='grc'>4)</span> <span class='ocrx_word' id='word_1_323' title='bbox 246 4160 385 4215; x_wconf 75' lang='lat' dir='ltr'>Commodi</span> <span class='ocrx_word' id='word_1_324' title='bbox 406 4176 501 4214; x_wconf 90' lang='lat' dir='ltr'>nomen</span> <span class='ocrx_word' id='word_1_325' title='bbox 517 4163 645 4216; x_wconf 79' lang='lat' dir='ltr'>remansit</span> <span class='ocrx_word' id='word_1_326' title='bbox 670 4163 701 4215; x_wconf 89' lang='lat' dir='ltr'>in</span> <span class='ocrx_word' id='word_1_327' title='bbox 718 4179 773 4215; x_wconf 90' lang='lat' dir='ltr'>nno</span> <span class='ocrx_word' id='word_1_328' title='bbox 792 4163 947 4230; x_wconf 81' lang='lat' dir='ltr'>enemplam&#39;,</span> <span class='ocrx_word' id='word_1_329' title='bbox 976 4179 1081 4217; x_wconf 82' lang='lat' dir='ltr'>erasnm</span> <span class='ocrx_word' id='word_1_330' title='bbox 1098 4171 1136 4218; x_wconf 80' lang='lat' dir='ltr'>esi</span> <span class='ocrx_word' id='word_1_331' title='bbox 1153 4166 1183 4218; x_wconf 92' lang='lat' dir='ltr'>in</span> <span class='ocrx_word' id='word_1_332' title='bbox 1201 4166 1295 4231; x_wconf 76' lang='lat' dir='ltr'>intas,</span> <span class='ocrx_word' id='word_1_333' title='bbox 1315 4165 1374 4218; x_wconf 80' lang='lat' dir='ltr'>snb-</span> 
     </span>
    </p>
   </div>
   <div class='ocr_carea' id='block_1_11' title="bbox 197 4249 1376 4390">
    <p class='ocr_par' dir='ltr' id='par_1_13' title="bbox 197 4249 1376 4390">
     <span class='ocr_line' id='line_1_37' title="bbox 197 4249 1376 4320; baseline 0.004 -19"><span class='ocrx_word' id='word_1_334' title='bbox 197 4249 291 4302; x_wconf 84' lang='lat' dir='ltr'>siiinic</span> <span class='ocrx_word' id='word_1_335' title='bbox 313 4264 367 4316; x_wconf 80' lang='lat' dir='ltr'>pro</span> <span class='ocrx_word' id='word_1_336' title='bbox 392 4264 421 4302; x_wconf 90' lang='lat' dir='ltr'>eo</span> <span class='ocrx_word' id='word_1_337' title='bbox 442 4251 472 4304; x_wconf 91' lang='lat' dir='ltr'>in</span> <span class='ocrx_word' id='word_1_338' title='bbox 488 4266 543 4304; x_wconf 90' lang='lat' dir='ltr'>nno</span> <span class='ocrx_word' id='word_1_339' title='bbox 560 4251 667 4304; x_wconf 86' lang='lat' dir='ltr'>nomine</span> <span class='ocrx_word' id='word_1_340' title='bbox 686 4251 845 4304; x_wconf 77' lang='lat' dir='ltr'>Alexandri.</span> <span class='ocrx_word' id='word_1_341' title='bbox 876 4279 906 4288; x_wconf 93' lang='lat'>—</span> <span class='ocrx_word' id='word_1_342' title='bbox 933 4251 962 4318; x_wconf 84' lang='lat'>5)</span> <span class='ocrx_word' id='word_1_343' title='bbox 983 4251 1019 4303; x_wconf 88' lang='lat' dir='ltr'>In</span> <span class='ocrx_word' id='word_1_344' title='bbox 1039 4267 1093 4304; x_wconf 91' lang='lat' dir='ltr'>nno</span> <span class='ocrx_word' id='word_1_345' title='bbox 1113 4252 1230 4320; x_wconf 79' lang='lat' dir='ltr'>exemplo</span> <span class='ocrx_word' id='word_1_346' title='bbox 1248 4254 1376 4306; x_wconf 84' lang='lat' dir='ltr'>imeriinr</span> 
     </span>
     <span class='ocr_line' id='line_1_38' title="bbox 199 4351 332 4390; baseline 0.015 -2"><span class='ocrx_word' id='word_1_347' title='bbox 199 4351 332 4390; x_wconf 79' lang='lat' dir='ltr'>maxime.</span> 
     </span>
    </p>
   </div>
   <div class='ocr_carea' id='block_1_12' title="bbox 1109 4426 1167 4482">
    <p class='ocr_par' dir='ltr' id='par_1_14' title="bbox 1109 4426 1167 4482">
     <span class='ocr_line' id='line_1_39' title="bbox 1109 4426 1167 4482; baseline 0.052 -3"><span class='ocrx_word' id='word_1_348' title='bbox 1109 4426 1167 4482; x_wconf 72' lang='lat'>15*</span> 
     </span>
    </p>
   </div>
   <div class='ocr_carea' id='block_1_13' title="bbox 0 0 1637 5154">
    <p class='ocr_par' dir='ltr' id='par_1_15' title="bbox 0 0 1637 5154">
     <span class='ocr_line' id='line_1_40' title="bbox 0 0 1637 5154; baseline 0 0"><span class='ocrx_word' id='word_1_349' title='bbox 0 0 1637 5154; x_wconf 95' lang='lat' dir='ltr'> </span> 
     </span>
    </p>
   </div>
  </div>
 </body>
</html>
