3184 5156
255 397 277 464 θ
753 388 842 460 Leges
856 388 960 460 regiae.

255 570 398 638 cccrffl
422 571 605 638 habendum
634 591 701 635 esse
722 567 889 634 constituit
910 587 1096 650 mensesque
1117 565 1165 630 ita
1186 566 1360 650 disposuit,
1396 570 1433 631 nt

257 683 410 764 quattuor
431 701 470 744 ex
491 678 543 742 his
565 673 684 754 XXXI,
705 697 760 739 sex
781 693 857 738 vero
879 669 971 735 XXX
991 670 1148 736 haberent
1170 669 1266 742 dies.l

344 785 374 848 6.
397 782 581 848 Macrobius
604 780 850 866 (cat.1‚13‚20):
877 777 1012 854 Quando
1033 813 1078 824 —-
1099 775 1240 860 primum
1261 777 1433 842 intercala-

254 893 325 955 tum
347 889 399 969 sit,
432 888 519 952 varie
541 886 688 967 refertur,
710 890 743 951 et
764 883 872 950 Macer
894 883 1022 968 quidem
1044 880 1184 946 Licinius
1207 882 1274 946 eius
1296 883 1343 947 rei
1365 883 1431 947 ori·

255 997 364 1082 gincm
385 992 524 1060 Romulo
546 989 728 1079 adsignat’

734 1164 765 1234 t)
785 1163 956 1222 Familia.

344 1311 375 1375 7.
398 1308 495 1375 Dion.
513 1307 654 1393 (2‚25):⁸
676 1305 714 1373 Ὁ
738 1307 773 1371 δὲ
786 1305 949 1391 Ῥωμύλος
971 1344 1014 1354 -
1030 1308 1086 1370 ἕνα
1102 1344 1143 1355 -
1164 1307 1319 1391 νόμον-
1333 1329 1435 1373 ιιατα-

254 1414 447 1501 στησάμενος
469 1415 512 1490 εἰς
534 1413 737 1498 σωφροσύνην
753 1451 793 1460 -
809 1414 912 1498 ἤγαγε
934 1413 990 1488 τάς
1010 1421 1172 1496 γυναῖκας.
1201 1416 1240 1499 ἦν
1256 1413 1291 1478 δὲ
1305 1413 1429 1478 τοιάσδε

256 1520 406 1606 ὁνῦμος·
438 1529 574 1605 γυναῖκα
596 1521 735 1604 γαμετὴν
756 1521 813 1602 τὴν
837 1520 920 1582 κατά
939 1517 1077 1602 γάμους4
1100 1518 1202 1602 ἱεροὺς
1218 1517 1433 1585 συνελθοῦσαν

261 1627 350 1710 ἀνδρὶ
372 1627 522 1690 κοινωνὸν
545 1623 691 1689 ἁπάντων
714 1624 791 1687 εἶναι
812 1623 982 1708 χρημάτων
1006 1645 1040 1688 τε
1063 1625 1118 1688 καὶ
1142 1624 1242 1708 [ερῦν.

345 1731 375 1796 8.
406 1729 504 1812 Dios,
529 1729 671 1816 (2,25)ι5
706 1729 815 1793 Ταῦτα
836 1765 881 1777 -
904 1729 933 1792 oi
955 1739 1117 1813 συγγενεῖς
1140 1732 1218 1813 μετὰ
1239 1737 1296 1793 τοῦ
1320 1730 1434 1814 ἀνδρὸς

256 1835 414 1915 ἐδίκαζον·
437 1836 469 1900 ἐν
492 1837 537 1910 οῖς
558 1837 597 1920 ἠν
620 1834 727 1918 φθορά
750 1833 903 1918 σώματος,
927 1835 982 1897 καὶ
1011 1871 1045 1881 -
1069 1836 1099 1898 εἴ
1118 1854 1163 1908 τις
1179 1833 1261 1898 οἶνον
1276 1834 1423 1922 εὑρεθείη

257 1949 372 2006 πιοῦσα
393 1940 484 2026 γυνή,
518 1939 682 2024 ἀμφότερα
704 1941 767 2023 γὰρ
790 1945 888 2002 ταῦτα
910 1938 1040 2025 θανάτῳ
1064 1939 1193 2026 ζημιοῦν
1215 1942 1435 2028 συνεχώρησεν

259 2044 470 2130 ὁῬωμῦλος.

349 2153 379 2217 9.
414 2149 607 2217 Plutarchus
630 2149 735 2235 (Rom.
759 2149 856 2234 22):⁶
878 2148 1006 2235 Ἔθηκε
1029 2151 1064 2214 δὲ
1086 2153 1142 2216 καὶ
1161 2152 1275 2236 νόμους
1297 2154 1381 2231 τινάς
1405 2153 1436 2241 (ὁ

257 2254 447 2343 Ῥωμύλος),
470 2256 670 2340 ὧνσφοδρὸς
694 2254 748 2340 μέν
772 2256 853 2320 ἐστιν
876 2256 893 2319 ὁ
914 2259 1038 2341 γυναικὶ
1062 2260 1104 2342 μὴ
1128 2257 1231 2333 διδοὺς
1255 2259 1436 2325 ἀπολείπειν

258 2362 367 2446 ἄνδρα,
389 2369 525 2446 γυναῖκα
548 2361 582 2426 δε
606 2362 711 2436 διδοὺς
734 2360 900 2448 ἐκβάλλειν
917 2363 967 2426 ἐπὶ
983 2363 1166 2448 φαρμακείᾳ
1181 2362 1300 2427 τέκνων
1315 2364 1435 2450 balar-

258 2467 322 2533 δῶν
353 2465 495 2553 ὑποβολη
523 2469 578 2531 καὶ
608 2466 847 2551 μοιχευθεῖσαν·
881 2467 908 2532 εἰ
940 2466 968 2531 δ’
997 2467 1103 2544 άλλως
1134 2489 1180 2544 τις
1202 2469 1436 2556 ἀποπέμψαιτο,

331 2605 422 2677 1)οά
443 2606 645 2674 Macr.1,12,5:
663 2605 785 2676 primum
805 2605 873 2661 anni
881 2623 1004 2662 mensem
1016 2607 1140 2677 genitori
1157 2625 1207 2664 suo
1219 2608 1307 2664 Marti
1319 2609 1436 2676 dicarit,
1533 2585 1538 2590 ⁵
1580 2578 1582 2644 l

1580 2689 1582 2726 ι

259 2712 343 2765 quem
361 2711 485 2750 mensem
504 2693 573 2748 anni
590 2694 712 2764 primum
731 2694 816 2748 fuisse
835 2694 880 2748 vel
900 2711 932 2750 ex
950 2694 1003 2751 hoc
1014 2694 1135 2750 maxime
1148 2695 1293 2766 probatur,
1312 2697 1387 2767 quod
1400 2699 1436 2754 ab

258 2783 319 2853 ipsc
354 2780 488 2848 Quintilis
516 2781 632 2849 quintus
659 2783 701 2835 est
726 2784 755 2835 et
785 2780 914 2851 deinceps
938 2798 989 2851 pro
1014 2799 1130 2838 numero
1153 2782 1384 2840 nominabantur.
1403 2817 1438 2826 -

261 2870 288 2941 2)
308 2869 396 2924 Mser.
424 2867 515 2923 addit:
540 2865 643 2922 Antias
668 2897 696 2906 -
717 2865 842 2921 Numam
860 2867 1030 2938 Pompilium
1049 2884 1192 2925 sacrorum
1210 2886 1293 2924 cansa
1311 2869 1342 2924 id
1359 2871 1438 2928 inve-

263 2956 337 3012 nisse
364 2952 517 3012 contendit.
553 2954 651 3008 Iunius
678 2953 806 3010 Servium
833 2954 958 3010 Tullium
985 2973 1081 3026 regem
1105 2959 1228 3028 primum
1253 2957 1437 3016 intercalasse

263 3043 469 3100 commemorat.
492 3070 526 3082 —
545 3039 703 3094 Tuditanus
720 3041 807 3096 refert
831 3071 860 3082 -
877 3042 1055 3108 decemviros,
1074 3043 1165 3112 quill
1185 3043 1291 3097 tabulis
1310 3043 1337 3098 ll
1356 3045 1437 3100 addi·

261 3131 372 3195 derunt,
391 3129 426 3185 de
444 3128 640 3185 intercalando
659 3129 794 3199 populum
814 3146 929 3198 rogasse
948 3130 995 3199 (of.
1016 3129 1088 3184 XII.
1100 3133 1169 3199 1,2);
1195 3129 1305 3185 Cassius
1324 3133 1436 3189 eosdem

261 3218 359 3278 scribit
378 3219 513 3274 auctores.
541 3217 657 3272 Fulvius
676 3217 821 3273 autemid
842 3218 930 3288 egisse
948 3217 994 3273 M!
1014 3219 1135 3274 Acilium
1153 3219 1294 3276 consulem
1313 3219 1383 3278 dicit
1396 3222 1433 3279 ab

261 3327 289 3363 u.
309 3323 332 3362 a
351 3325 426 3364 anno
445 3307 504 3371 562,
522 3337 558 3346 —
575 3305 623 3362 sed
641 3308 694 3364 hoc
712 3307 809 3376 arguit
822 3307 912 3364 Varro
931 3305 1084 3370 scribendo,
1104 3307 1332 3378 antiquissimam
1344 3310 1438 3379 legem

260 3397 346 3452 fuisse
370 3394 488 3452 incisam
513 3394 543 3449 in
566 3395 697 3450 columna
725 3410 807 3449 aerea
831 3411 848 3448 a
868 3394 898 3449 L.
918 3393 1031 3449 Pinario
1055 3395 1084 3448 et
1102 3394 1186 3450 Furio
1204 3413 1258 3452 cos.
1276 3397 1364 3467 (282),
1393 3397 1438 3452 cui

260 3483 366 3542 mentio
394 3481 571 3538 intercalaris
599 3480 777 3536 adscribitur.
815 3480 857 3551 Of.
882 3480 972 3550 Vor'ot,
998 3481 1042 3536 ius
1060 3482 1108 3536 οιύ.
1127 3499 1156 3537 α.
1171 3489 1241 3553 aaut.
1260 3487 1312 3540 187
1333 3504 1360 3540 rr.
1379 3491 1436 3544 175.

261 3570 419 3638 Mammea,
434 3568 697 3637 Claorwl.11,31,40.
722 3568 856 3637 Huschke,
868 3574 934 3625 οόυι.
946 3568 1024 3624 etad.
1036 3572 1171 3637 1,55-58.
1190 3601 1226 3610 -
1243 3572 1271 3642 3)
1289 3573 1438 3640 (Romulus

262 3677 322 3714 uns
339 3659 402 3727 lege
421 3658 483 3712 lata
501 3656 539 3714 ad
556 3656 723 3714 modestiam
742 3656 862 3712 adduxit
880 3656 1020 3712 mulieres.
1046 3657 1123 3722 Quae
1135 3658 1181 3714 lex
1192 3657 1262 3713 haec
1273 3663 1349 3716 erat:
1370 3681 1438 3720 uxo·

261 3763 330 3812 rem,
348 3764 422 3816 quae
440 3746 547 3817 nuptiis
564 3745 683 3801 sacratis
701 3745 948 3815 (confarreatione)
965 3744 996 3799 in
1008 3763 1124 3800 manum
1142 3745 1239 3801 mariti
1252 3749 1436 3817 convenisset,

262 3834 483 3894 communionem
502 3850 564 3888 cum
584 3850 615 3890 eo
633 3834 737 3888 habere
754 3833 880 3890 omnium
898 3833 1036 3889 bonorum
1060 3835 1090 3888 st
1108 3836 1270 3903 sacrorum.)
1289 3865 1324 3874 -
1343 3839 1370 3906 4)
1390 3839 1437 3894 Itu

263 3921 383 3978 Statana
395 3938 449 3992 μου
467 3927 569 3991 νόμους.
589 3951 623 3961 -
642 3925 669 3989 5)
687 3922 740 3993 (De
757 3921 801 3976 his
820 3921 1026 3992 cognoscebant
1043 3921 1158 3990 cognati
1176 3937 1240 3975 cum
1258 3923 1375 3980 marito:
1403 3925 1438 3981 de

263 4009 412 4066 adulteriis
430 4010 460 4064 ot
478 4009 501 4063 si
519 4009 691 4079 quarinum
710 4011 814 4065 bibisse
833 4012 1012 4081 argumetum
1031 4010 1084 4066 hoc
1095 4013 1246 4079 utrumque
1258 4010 1334 4065 enim
1346 4015 1439 4070 morte

262 4099 363 4171 punire
387 4099 522 4155 Romulus
545 4099 699 4165 concessit.)
731 4099 773 4169 Of.
792 4098 866 4154 Fert.
885 4097 1026 4153 Osculum.
1045 4127 1078 4136 -
1098 4098 1124 4166 6)
1144 4096 1311 4165 (Constituit
1329 4118 1440 4170 quoque

264 4188 342 4257 leges
359 4186 506 4257 quasdm,
524 4205 644 4257 quarum
662 4187 715 4242 illa
733 4187 804 4242 dura
823 4188 874 4252 est,
893 4202 965 4256 quae
977 4185 1056 4240 uxori
1068 4201 1125 4240 non
1143 4185 1287 4255 permittit
1299 4186 1440 4244 divertere

263 4293 281 4332 a
299 4274 411 4339 marito,
433 4277 464 4329 at
482 4275 587 4332 marito
605 4275 749 4347 permittit
764 4291 878 4331 uxorem
898 4273 1046 4344 repudiare
1058 4273 1173 4341 propter
1185 4273 1350 4328 veneficium
1364 4275 1438 4332 circa

264 4363 373 4434 prolem
396 4364 442 4418 vel
462 4363 661 4420 subiectionem
674 4363 795 4419 clavium
805 4363 849 4418 vel
863 4361 1034 4417 adulterium
1044 4357 1227 4425 commissum,
1241 4359 1265 4414 si
1277 4377 1343 4418 vero
1356 4361 1440 4418 aliter

266 4449 329 4522 quis
348 4467 366 4504 a
384 4467 414 4506 sc
431 4448 590 4506 dimitteret
607 4465 735 4515 uxorem,
759 4449 896 4507 bonorum
915 4450 973 4506 eius
991 4451 1102 4519 partem
1120 4447 1213 4504 uxoris
1232 4448 1301 4516 fieri,
1325 4453 1439 4525 partem
