3256 5154
270 379 332 443 196
720 370 819 425 Edicta
838 371 1009 440 praetorum.

185 555 250 634 ¹3:2⁷3,
357 551 397 618 si
428 550 614 616 servitus
636 548 882 613 vindicetur
908 547 977 612 vel
999 544 1045 610 ad
1069 544 1199 609 alium
1221 547 1446 630 pertinere

269 654 490 744 negetur&

186 767 249 846 llil!
357 762 418 828 Dc
438 761 556 825 modo
579 756 700 841 cyril.

188 873 249 913 ⁰⁴⁸¹
359 865 400 932 Si
423 864 659 951 quadrupes
682 862 928 946 pauperiem
951 862 1117 927 fecisse
1139 860 1336 926 diceturl.

185 917 248 951 PM.

184 980 247 1058 ,ἒξ-ζῇ
358 970 418 1036 Ad
448 970 581 1055 legem
612 966 856 1052 Aquiliam⁴,
915 968 944 1030 1.
979 965 1014 1032 Si
1036 966 1191 1032 fatebitur
1223 965 1341 1030 iniuria
1363 966 1447 1031 occi-

271 1099 341 1142 sum
365 1096 450 1140 esse:
473 1074 507 1137 in
530 1071 699 1157 simplum⁶
724 1121 857 1138 ......

355 1181 385 1244 2.
424 1179 467 1243 Iu
481 1178 608 1261 foetura
630 1178 779 1242 odoacar
800 1181 922 1241 ocolus
943 1197 1099 1259 caupones
1121 1177 1336 1243 stabularios&

166 1296 256 1375 ἓξὲξ)
354 1283 519 1348 Finium
553 1282 854 1368 regundorum.
911 1281 1122 1348 Familiae
1158 1283 1445 1348 erciscundae.

270 1388 486 1455 Communi
510 1387 774 1453 dividundo⁷.

164 1498 270 1578 ξςζῖᾗξ)
358 1492 707 1575 Desideo'ocaore
729 1498 763 1558 et
784 1491 1013 1575 sponsore⁸.

186 1605 250 1684 §iu-{23
360 1596 400 1663 Si
422 1619 593 1663 mensor
614 1598 765 1664 falsum
787 1599 954 1663 modum
977 1598 1170 1664 dixerit⁰.

187 1712 249 1791 ἓξ)
360 1701 420 1768 Ad
442 1702 770 1768 exhibendum¹⁰.

187 1820 250 1898 ἓξ)
360 1808 1258 1895 Dereligiosisetsumptibnsfunerum¹¹.
1305 1812 1333 1876 1.
1368 1811 1441 1877 Sive

268 1913 365 1978 homo
388 1917 532 1978 mortuus
556 1936 666 1981 ossave
689 1915 828 1980 hominis
850 1916 969 1979 mortui
991 1917 1024 1979 in
1048 1917 1152 1981 locum
1174 1939 1290 2001 purum
1313 1917 1444 1982 alterius

271 2023 327 2083 aut
350 2019 384 2082 in
406 2019 439 2084 id
461 2020 675 2104 sepulchrum,
705 2021 740 2085 in
764 2043 826 2106 quo
848 2021 898 2085 ius
921 2042 986 2085 non
1008 2021 1115 2102 fuerit,
1138 2020 1230 2086 illata
1252 2043 1319 2088 ease
1341 2022 1447 2087 dicen-

270 2123 367 2205 tur¹²,
392 2175 524 2190 ......

358 2231 386 2294 2.
423 2231 471 2296 De
503 2231 670 2316 sepulchro
700 2230 868 2297 violato¹⁸.
918 2230 1014 2297 (iuius
1038 2233 1110 2297 dolo
1139 2231 1224 2296 malo
1246 2231 1449 2316 sepulchrum

271 2333 425 2400 violatum
448 2358 515 2402 ease
537 2336 669 2418 dicetur,
702 2337 736 2401 in
760 2361 831 2404 eum
854 2340 887 2402 in
910 2338 1029 2403 factum
1052 2338 1202 2430 iudicium
1226 2338 1318 2420 dabo,
1349 2342 1386 2402 ut
1408 2339 1448 2419 ei,

272 2439 310 2503 ad
335 2462 429 2524 quem
451 2441 619 2526 pertineat,
644 2444 756 2528 quanti
779 2444 821 2508 ob
844 2466 913 2509 eam
936 2466 1003 2509 rem
1027 2466 1161 2528 aequum
1179 2443 1348 2523 videbitur,
1372 2465 1448 2508 con-

272 2544 446 2612 demnetur.
484 2547 625 2612 sinemo
650 2547 721 2628 erit,
754 2549 793 2613 ad
816 2571 911 2633 quem
932 2548 1100 2633 pertineat,
1133 2548 1199 2614 aive
1222 2570 1316 2634 agere
1338 2548 1445 2613 nolet:

272 2649 462 2735 quicumque
499 2673 592 2737 agere
624 2653 726 2731 volet,
757 2653 785 2718 ei
808 2654 979 2718 sostenium
1013 2656 1139 2718 centum
1161 2653 1285 2718 rothom
1306 2673 1448 2717 nummo·

271 2753 377 2819 rom¹⁴
401 2757 556 2822 actionem
579 2757 670 2823 dabo.
710 2758 737 2823 si
759 2758 866 2842 plures
889 2779 983 2844 agere
1005 2758 1130 2837 volent,
1160 2758 1248 2823 cuius
1270 2757 1447 2823 iustissime

273 2881 368 2924 causa
400 2884 467 2926 esse
496 2862 673 2942 videbitur,
706 2863 734 2927 ei
757 2862 873 2948 agendi
894 2865 1085 2947 potestatem
1107 2862 1231 2928 faciam.
1269 2863 1297 2928 si
1320 2863 1391 2948 quis
1413 2863 1448 2926 iu

273 2965 442 3048 sepulchro
465 2966 538 3030 dolo
560 2968 645 3031 malo
667 2967 863 3033 habitaverit
885 2968 1102 3034 aedificiumve
1134 2969 1220 3033 aliud
1242 2991 1338 3054 quam
1361 2966 1447 3053 quod

273 3069 432 3153 sepulchri
455 3093 549 3136 causa
572 3071 693 3138 factum
716 3073 768 3153 sit,
791 3073 950 3155 habuerit,
973 3075 1007 3138 in
1030 3095 1112 3154 eum,
1136 3074 1163 3137 si
1179 3073 1250 3159 quis
1266 3095 1302 3138 eo
1317 3073 1446 3138 nomine

273 3195 368 3259 agere
390 3174 495 3256 volet,
527 3178 701 3243 salonium
723 3179 928 3244 ducentorum
957 3180 1080 3244 milium
1106 3176 1339 3243 oooooorom¹⁶
1361 3177 1445 3242 iudi-

272 3279 357 3343 cium
379 3280 471 3345 dabo.

273 3458 483 3468 --—-—

347 3579 374 3646 1)
393 3576 477 3632 Robr.
498 3577 536 3633 D.
554 3581 605 3647 8,5.
624 3609 659 3619 —
676 3580 705 3647 2)
724 3579 808 3634 Pauli
823 3585 888 3634 scot.
907 3582 1001 3647 2,17,4.
1037 3578 1124 3634 ΖΒΘ.
1143 3582 1183 3648 17,
1199 3596 1227 3650 p.
1246 3582 1298 3634 190
1311 3596 1349 3648 aq.
1371 3610 1399 3619 -
1421 3581 1449 3650 3)

274 3665 358 3721 Rabr.
378 3664 415 3720 D.
434 3668 482 3729 9,1.
521 3665 562 3734 Of.
584 3665 648 3720 Ooll.
667 3671 719 3735 7‚3.
751 3699 779 3708 -
811 3669 837 3736 4)
864 3666 949 3721 Rubr.
968 3665 1006 3722 D.
1026 3669 1077 3732 9‚2.
1104 3698 1139 3707 -
1167 3669 1194 3734 5)
1216 3666 1280 3723 oon.
1300 3671 1447 3735 2,4;12,7.

279 3753 395 3822 Utroque
413 3753 471 3807 loco
488 3754 617 3822 coaptum
638 3761 689 3809 oct:
716 3756 755 3810 ‘iu
773 3755 905 3825 simplum
924 3758 953 3810 et
972 3773 1035 3810 cum
1058 3753 1103 3824 (ol.
1123 3757 1200 3822 eum)
1221 3753 1325 3808 diecret
1342 3754 1388 3820 (ol.
1407 3753 1449 3806 di·

273 3858 341 3905 cere,
361 3840 479 3906 doceret,
498 3841 620 3910 docere)'.
658 3842 715 3899 Ho.
735 3843 833 3911 (ZGR.
851 3846 939 3912 13,32)
960 3845 1041 3898 cont:
1061 3845 1102 3896 ‘ut
1115 3840 1288 3897 condiceret’.
1316 3840 1449 3911 Equidem

272 3928 303 3982 io
330 3928 473 3998 archetypo
498 3930 628 3997 emptum
653 3930 737 3998 foisse
763 3932 898 4000 auspicor:
925 3917 1315 3994 lnsrnrnunuiffu‘hn,
1333 3930 1352 3985 o'.
1371 3946 1391 3984 e.
1412 3929 1448 3983 ‘in

273 4015 406 4085 simplum
425 4032 440 4070 e
459 4015 550 4085 capite
568 4016 660 4086 primo
677 4018 820 4074 iudicium.
841 4017 969 4074 rubrica’.
989 4050 1024 4060 -
1043 4020 1070 4090 6)
1088 4018 1126 4074 D.
1144 4019 1248 4086 4,9,6.7.
1267 4048 1298 4056 -
1319 4019 1344 4083 7)
1364 4016 1449 4071 Reor.

273 4102 310 4156 D.
330 4107 449 4171 rur-3.
471 4133 499 4143 —
520 4103 548 4173 8)
565 4104 648 4160 Paul.
666 4113 731 4161 aaut.
750 4111 820 4175 1,20.
841 4106 877 4162 Ε.
890 4105 922 4161 P.
937 4109 1102 4176 p.167‘rqq.
1123 4135 1156 4147 -
1175 4107 1202 4171 9)
1221 4104 1306 4159 Rubr.
1326 4104 1364 4159 D.
1384 4107 1450 4172 11,6.

275 4221 309 4230 -—
330 4190 675 4261 10)Raor.1).1o‚4.-
697 4193 739 4264 11)
759 4193 986 4262 Raor.1).11,7.
1006 4225 1038 4233 -
1059 4195 1102 4263 12)
1122 4192 1158 4248 D.
1179 4196 1300 4261 11,7‚2,2.
1329 4190 1450 4260 Sequun-

275 4284 321 4333 tur
337 4279 430 4333 vobo:
457 4278 506 4348 qui
524 4279 576 4334 hoc
593 4281 674 4346 fecit,
696 4281 726 4335 in
744 4282 851 4336 factum
871 4281 982 4337 actione
1000 4283 1114 4337 tenetur
1132 4283 1161 4336 et
1179 4297 1269 4350 poena
1287 4279 1450 4349 pecuniaria

274 4365 433 4421 subicietur.
461 4398 497 4407 -
529 4370 572 4438 13)
591 4369 677 4426 Rubr.
696 4369 732 4427 D.
752 4373 838 4438 47,12.
872 4401 900 4409 -
922 4370 964 4440 11)
982 4368 1020 4425 D.
1040 4371 1152 4424 centum
1172 4385 1328 4424 aureorum.
1349 4395 1381 4406 -
1404 4366 1449 4438 15)

275 4453 329 4510 D..·
348 4454 528 4511 ducentorum
548 4474 704 4512 aureorum.
