3190 5148
676 355 795 411 ereus·
1269 361 1334 427 405

154 539 287 624 nuptiae
309 537 447 602 fiebant:
470 560 540 616 usu,
564 536 592 602 si
614 573 657 582 -
672 535 786 625 mulier
809 557 893 600 anno
909 557 972 600 uno
987 556 1059 600 cum
1074 536 1154 618 viro,
1177 536 1252 603 licet
1266 538 1335 604 sine

155 644 290 730 legibus
314 643 446 721 fuisset3
470 641 565 722 farre,
589 663 661 707 cum
684 664 740 726 per
762 641 945 726 pontificem
967 642 1142 708 maximum
1164 647 1197 709 et
1209 643 1334 710 Dialem

154 751 317 814 flaminem
347 771 404 833 per
436 749 545 834 fruges
579 751 611 813 et
634 747 752 812 molam
783 748 899 812 salsam
929 747 1220 833 coniungebantur,
1250 750 1334 815 unde

153 854 458 920 confarreatio
482 854 713 939 appellabatur,
737 876 775 918 cx
798 854 913 938 quibus
936 853 1058 939 nuptiis
1074 853 1204 938 patrimi
1228 858 1260 919 ct
1275 877 1333 938 pa-

155 960 246 1024 trimi
261 960 486 1036 nascebantur;
503 960 702 1044 coemptione
716 981 790 1024 vero
807 963 904 1044 atque
918 959 953 1023 in
967 981 1097 1024 manum
1113 960 1331 1039 conventione,

153 1087 226 1130 cum
248 1065 306 1129 illa
328 1064 470 1150 intfiliae
492 1064 607 1145 locum,
631 1064 765 1129 maritus
787 1065 821 1128 in
837 1065 938 1148 patris
961 1064 1119 1145 veniebat,
1143 1068 1189 1144 ut,
1214 1065 1242 1128 si
1258 1064 1329 1149 quis

152 1171 241 1255 prior
263 1169 379 1234 fuisset
394 1169 582 1247 defunctus,
605 1169 711 1234 locum
733 1168 920 1234 hereditatis
942 1169 1064 1233 iustum
1086 1167 1179 1233 alteri
1194 1168 1328 1246 faceret3

153 1280 186 1340 et
207 1311 252 1322 -
267 1274 521 1360 quandocunque
536 1274 570 1337 in
585 1295 715 1337 manum
730 1276 930 1353 convenerat,
955 1274 1061 1338 omnia
1076 1273 1233 1359 protinus,
1251 1296 1332 1358 quae

157 1380 224 1445 doti
249 1380 462 1459 dicebantur¹,
491 1379 607 1443 marito
630 1377 836 1443 serviebantl.

248 1485 277 1564 1,
294 1485 367 1549 269.
415 1483 484 1548 ‘Fas
506 1488 538 1549 ct
552 1484 623 1548 iura
638 1484 781 1568 sinunt'],
804 1483 837 1548 id
853 1487 901 1549 est
916 1484 1023 1549 divina
1035 1483 1238 1568 humanaque
1260 1485 1331 1549 iura

153 1590 364 1675 permittunt;
387 1612 462 1654 nam
485 1588 524 1654 ad
548 1589 735 1676 religionem
759 1589 818 1666 fas,
843 1590 881 1654 ad
903 1589 1047 1654 homines
1070 1589 1141 1654 iura
1158 1591 1328 1674 pertinent.

242 1699 273 1776 3,
296 1695 370 1760 387.
417 1702 452 1768 (v.
470 1719 554 1772 apra
568 1719 597 1773 p.
615 1707 649 1757 ro
667 1721 693 1757 n.
712 1707 750 1767 4.)

620 1887 648 1945 t.
675 1889 701 1944 ln
721 1889 858 1946 Bucolica

242 2013 272 2092 1,
288 2006 346 2079 33.
384 2009 485 2077 Omne
507 2011 737 2096 patrimonium
756 2012 840 2097 apud
854 2011 989 2077 maiores
1005 2034 1106 2098 pecu
1117 2013 1221 2077 lium
1244 2012 1328 2077 dice·

154 2120 251 2184 betur
266 2141 285 2182 a
300 2117 476 2203 pecoribus,
491 2117 523 2182 in
542 2117 782 2202 quibusreorum
798 2117 966 2182 constabat
976 2119 1124 2182 universa
1136 2119 1325 2185 substantia.

239 2227 270 2304 3,
294 2225 346 2290 31.
392 2223 564 2310 Depono]:
596 2223 630 2287 in
653 2223 821 2307 sponsione
843 2223 971 2302 colloc0‚
994 2225 1167 2307 sequestro.
1191 2262 1235 2270 -
1258 2222 1326 2299 Quo

152 2328 318 2418 pignore]:
341 2352 404 2414 qua
427 2331 604 2413 sponsione,
628 2329 703 2414 quia
724 2329 841 2414 pignus
864 2328 1027 2414 sponsioni
1050 2329 1124 2394 estl.

240 2437 270 2515 4,
295 2437 346 2502 43.
394 2447 428 2510 (o.
447 2458 531 2512 supro
545 2459 574 2511 p.
592 2446 627 2496 10
645 2459 671 2495 n.
694 2443 746 2510 13.)

241 2541 271 2621 8,
296 2543 347 2606 99.
392 2566 415 2604 o.
434 2565 518 2617 supra
537 2547 604 2602 XII
619 2548 689 2603 tabb.
708 2565 736 2617 p.
754 2551 789 2602 29
807 2548 844 2602 ad
862 2547 916 2603 tab.
934 2546 1016 2615 8,8b.)

243 2645 294 2727 10,
318 2648 369 2712 27.
415 2647 516 2712 Minio
538 2684 582 2695 -
605 2647 680 2732 quia
701 2647 783 2712 facie
811 2647 908 2711 rubra
940 2645 1084 2731 pingitur
1106 2644 1174 2709 Pan
1196 2648 1327 2729 propter

155 2752 294 2817 aetheris
326 2752 583 2817 similitudinem:
619 2753 728 2818 aether
750 2757 856 2818 eutem
885 2755 934 2817 est
955 2751 1094 2836 Iupiter3
1125 2749 1207 2813 unde
1230 2749 1326 2814 etiam

151 2858 404 2942 triumphantes,
437 2859 492 2945 qui
514 2859 634 2925 babent
657 2860 763 2924 omnia
785 2858 870 2925 Iovis
892 2858 1050 2944 insignia,
1073 2857 1232 2941 sceptrum
1254 2855 1324 2938 pal-

150 2967 271 3029 matam
294 2964 431 3050 togam.⁴

422 3205 512 3272 VIII.
543 3203 744 3272 lSlDORUS
766 3204 1058 3272 HISPALENSIS.

299 3349 326 3413 Ε
350 3349 470 3413 libris
493 3350 706 3435 originum
735 3373 760 3414 s.
784 3347 1175 3434 etymologiarum⁶.

237 3489 254 3554 I
277 3491 329 3570 22,
355 3489 382 3554 l.
427 3489 586 3575 Vulgares
617 3493 709 3554 notas
732 3489 857 3554 Ennius
886 3489 1007 3572 primus
1030 3487 1119 3553 mille
1142 3492 1175 3553 et
1196 3492 1323 3554 centum

151 3595 284 3659 invenit.
329 3593 489 3660 Notarum
515 3617 587 3659 usus
610 3599 695 3674 erat,
726 3599 762 3658 ut
786 3594 939 3679 quidquid
962 3616 1021 3678 pro
1043 3594 1190 3658 contione
1212 3593 1322 3658 autin

241 3840 265 3910 l)
285 3841 491 3896 abdebantur.
516 3869 547 3880 -
569 3841 596 3906 2)
615 3841 650 3894 al.
669 3838 766 3893 mariti
785 3840 873 3892 erant.
892 3868 927 3878 -
944 3839 975 3906 3)
995 3837 1037 3905 Of.
1056 3837 1121 3892 nid.
1140 3840 1269 3906 10,1,260.
1290 3869 1319 3876 -

147 3931 175 3998 4)
200 3929 240 3998 Of.
261 3929 336 3982 Plio.
354 3929 379 3982 b.
398 3945 424 3982 n.
444 3932 575 3997 33‚7,111.·
602 3928 720 3983 Minium
739 3959 772 3968 -
791 3944 912 3998 magnae
935 3925 1111 3982 auctoritatis
1129 3927 1158 3979 et
1182 3924 1323 3994 qnondam

147 4015 223 4086 apud
240 4015 379 4071 Romanos
392 4047 425 4056 -
438 4017 525 4071 etiam
538 4033 639 4072 sacrae.
669 4015 821 4071 Enumerat
833 4018 959 4071 auctores
969 4012 1082 4068 Verrius
1100 4012 1200 4082 quibus
1211 4011 1322 4066 credere

146 4120 257 4158 necesse
275 4104 328 4167 sit,
353 4103 426 4160 lovis
444 4104 531 4174 ipisus
549 4104 691 4160 simulacri
715 4104 816 4159 faciem
835 4103 931 4158 diebus
951 4100 1029 4156 festis
1048 4100 1135 4156 minio
1152 4097 1237 4154 inlini
1255 4098 1320 4155 soli·

146 4195 209 4245 tam
228 4191 522 4261 triumphantiumque
540 4208 663 4262 corpora,
683 4193 722 4246 sic
732 4191 880 4245 Camillum
900 4189 1101 4258 triumphass03
1120 4189 1174 4242 hac
1185 4187 1321 4254 religione

146 4279 304 4334 etiamnum
324 4277 391 4331 addi
409 4278 439 4333 in
458 4282 604 4348 unguenta
622 4298 705 4336 cenae
727 4279 906 4348 triumphalis
925 4280 955 4333 et
972 4276 1158 4332 acensoribus
1180 4276 1210 4330 in
1222 4275 1320 4344 primis

146 4369 239 4422 lovem
258 4366 434 4422 miniandum
453 4368 547 4424 locari.
587 4369 628 4438 Of.
648 4368 803 4436 Mommsen,
830 4367 864 4421 R.
882 4367 914 4421 G.
934 4369 1000 4434 1,66.
1020 4396 1053 4404 -
1073 4366 1099 4434 5)
1117 4365 1247 4431 Isidorus,
1266 4366 1319 4433 epi-

145 4471 241 4522 scopus
260 4453 430 4522 Hispalensis
449 4459 478 4522 (†
496 4458 567 4523 636),
589 4458 752 4526 concerpsit,
771 4461 802 4511 ut
819 4457 874 4524 ipse
891 4454 964 4521 unc,
983 4471 1051 4522 opus
1071 4452 1105 4506 de
1124 4451 1232 4521 origine
1250 4469 1318 4520 qua-
