3190 5148
289 355 354 422 378
630 351 728 418 Varro,
748 351 783 406 de
800 350 900 421 lingua
917 350 1028 416 Latina,
1049 351 1069 406 l.
1089 350 1123 408 V.

377 533 429 597 40.
452 531 630 597 Praedia
644 531 738 611 dicta,
760 530 839 594 item
854 532 891 593 ut
908 529 1098 614 praedes,
1122 529 1359 612 apraestando,
1383 527 1469 614 quod

289 658 326 700 ea
349 637 482 722 pignore
505 637 580 700 data
602 636 728 721 publice
750 633 933 718 mancupis¹
955 635 1051 699 fidem
1072 638 1245 717 praestent.

374 741 428 806 55.
467 741 577 826 Ager
609 739 821 805 Romanus
851 740 990 824 primum
1013 739 1331 823 divisusinparteis
1353 741 1425 820 tris,
1450 763 1471 804 a
1585 797 1587 820 ,

289 870 351 932 quo
373 846 477 911 tribus
500 845 661 929 appellata
684 844 901 925 Titiensiqu
933 845 1115 925 Ramnium,
1145 845 1309 911 Lucerum.
1344 883 1389 892 —
1414 847 1467 912 56.

290 952 342 1017 Ab
373 954 434 1018 hoc
466 956 619 1037 quattuor
649 973 776 1037 quoque
807 952 909 1036 partis
939 952 1028 1016 urbis
1050 951 1155 1016 tribus
1178 951 1294 1031 dictae,
1327 951 1368 1016 ab
1390 951 1470 1016 locis
1586 1007 1587 1014 ,

292 1056 460 1123 Suburana
483 1057 631 1122 Palatina
654 1057 824 1141 Esquilina
846 1055 986 1132 Collina3
1017 1057 1139 1140 quinta,
1163 1057 1247 1141 quod
1270 1057 1329 1120 sub
1353 1055 1469 1137 Roma,

290 1162 447 1240 Romilia3
472 1163 517 1228 sic
539 1163 680 1247 reliquae
703 1159 855 1246 triginta⁸
880 1159 920 1224 ab
947 1160 998 1224 his
1013 1161 1116 1240 rebus,
1142 1160 1257 1245 quibus
1272 1161 1306 1225 in
1321 1163 1469 1226 tribuum

289 1268 374 1333 libro
396 1269 516 1352 scripsi.

378 1375 429 1441 80.
462 1373 650 1438 Praetor
672 1373 785 1452 dictus,
809 1372 865 1456 qui
887 1371 1025 1455 praeiret
1047 1372 1116 1437 iure
1138 1375 1170 1437 et
1185 1371 1342 1449 exercitu;
1367 1393 1468 1457 aquo

289 1478 322 1542 id
344 1477 516 1543 Lucilium:
547 1478 646 1564 ‘Ergo
668 1483 853 1563 praetorum
875 1482 923 1542 est
947 1481 1021 1542 ante
1043 1481 1074 1542 et
1096 1479 1239 1562 praeire!

379 1583 431 1647 81.
467 1583 768 1660 Quaestoresa
791 1582 981 1668 quaerendo,
1006 1583 1061 1667 qui
1076 1583 1299 1666 conquirerent
1321 1579 1469 1667 publicas

290 1687 439 1771 pecunias
463 1691 495 1752 et
511 1688 675 1767 maleficia,
700 1710 780 1772 quae
804 1688 965 1752 triumviri
987 1687 1140 1770 capitales
1156 1709 1241 1752 nunc
1255 1687 1466 1772 conquirunt;
1586 1747 1587 1750 ,

292 1794 332 1857 ab
355 1792 406 1857 his
429 1797 539 1877 postea
563 1795 618 1878 qui
634 1795 855 1879 quaestionum
871 1793 988 1856 iudicia
1003 1797 1159 1872 exercent,
1180 1797 1363 1877 quaestores
1380 1791 1468 1856 dicti.
1586 1835 1587 1846 .

378 1898 430 1962 83.
463 1896 729 1978 Pontufices,
752 1896 805 1962 ut⁵
822 1896 973 1963 Scaevola
988 1897 1125 1974 Quintus
1140 1897 1296 1983 pontufex
1310 1898 1470 1962 maximus
1586 1973 1587 1976 Ἴ

292 2003 427 2083 dicebat,
450 2027 469 2068 a
490 2027 582 2088 posse
605 2008 637 2069 et
659 2004 773 2083 facere,
796 2008 833 2067 ut
856 2001 1035 2087 potifices⁶;
1062 2023 1123 2088 ego
1147 2025 1165 2066 a
1187 2007 1285 2086 ponte
1308 2003 1467 2066 arbitror:

290 2131 365 2173 nam
396 2109 436 2173 ab
465 2107 516 2174 his
544 2109 695 2174 sublicius
727 2112 775 2174 est
797 2108 902 2173 factus
925 2109 1081 2192 primum,
1115 2112 1152 2173 ut
1174 2109 1341 2173 restitutus
1364 2129 1468 2191 saepe,

292 2235 361 2278 cum
386 2213 474 2279 ideo⁷
502 2236 591 2278 sacra
613 2219 645 2279 et
669 2214 718 2279 uls
742 2218 774 2278 et
796 2214 840 2278 cis
863 2213 1006 2277 Tiberim
1028 2235 1091 2277 non
1115 2213 1264 2278 mediocri
1287 2213 1353 2277 ritu
1376 2213 1467 2277 fiant.

378 2319 430 2384 86.
454 2317 550 2384 Feti
562 2320 656 2399 ales,
681 2319 765 2402 quod
780 2318 854 2383 fidei
870 2317 1018 2402 publicae
1032 2317 1116 2382 inter
1130 2319 1265 2403 populos
1282 2322 1467 2404 praeerant:

289 2447 363 2488 nam
386 2447 442 2509 per
465 2425 523 2489 hos
546 2425 652 2504 fiebat,
676 2428 714 2489 ut
735 2426 857 2489 iustum
879 2424 1097 2507 conciperetur
1113 2423 1243 2503 bellurn,
1267 2427 1298 2487 et
1315 2422 1387 2487 ubi⁸
1412 2423 1467 2487 de-

292 2529 399 2610 situm,
429 2533 467 2594 ut
489 2529 614 2594 foedere
635 2530 713 2594 fides
735 2530 822 2614 pacis
845 2529 1099 2593 constitueretur.
1146 2528 1197 2592 Ex
1220 2528 1270 2593 his
1293 2529 1467 2593 mitteban-

289 2639 353 2715 tur,
377 2639 549 2720 antequam
573 2637 800 2719 conciperetur,
825 2634 880 2718 qui
899 2655 949 2698 res
964 2636 1152 2717 repeterent,
1176 2636 1208 2697 et
1223 2655 1280 2717 per
1294 2633 1353 2698 hos
1369 2634 1467 2698 etiam

290 2762 374 2804 nunc
397 2739 435 2803 fit
456 2739 577 2820 foedus,
604 2740 688 2824 quod
712 2739 813 2804 ‘fidus'
836 2740 960 2804 Ennius
984 2737 1095 2804 scribit
1118 2739 1264 2807 dictum.⁹

376 2845 428 2909 95.
467 2844 599 2909 Pecus
631 2846 671 2909 ab
695 2866 748 2924 eo,
781 2845 867 2930 quod
889 2844 1133 2928 perpascebant,
1167 2865 1271 2926 aquo
1294 2845 1464 2928 pecunia¹⁰

290 2949 447 3029 universa,
472 2950 557 3035 qnod
579 2950 613 3013 in
635 2971 747 3033 pecore
768 2949 902 3033 pecunia
924 2953 994 3014 tum
1009 2948 1190 3032 pastoribus
1208 2949 1411 3029 consistebat,
1435 2954 1468 3014 et

290 3057 396 3121 standi
418 3056 661 3122 fundamentum
683 3078 739 3140 pes
763 3093 804 3101 -
827 3079 846 3120 a
868 3055 947 3140 pede
968 3055 1119 3140 pecudem
1136 3054 1348 3138 appellarunt,
1372 3059 1409 3119 ut
1425 3055 1466 3120 ab

291 3163 399 3227 eodem
422 3162 563 3246 pedicam
587 3166 618 3226 et
633 3161 840 3244 pedisequum
866 3164 898 3225 et
913 3159 1118 3244 peculiares¹1
1143 3181 1216 3223 oves
1232 3159 1357 3224 aliudve
1374 3161 1466 3243 quid:

290 3269 323 3332 id
339 3267 423 3331 enim
439 3267 597 3350 peculium
611 3266 764 3350 primum3
792 3265 867 3329 hinc
883 3265 1082 3348 ‘peculatum'
1098 3263 1261 3348 publicum
1279 3264 1464 3350 [furtnmss]

291 3373 394 3456 primo
416 3371 486 3436 ut¹⁸
511 3394 582 3436 cum
604 3393 716 3455 pecore
740 3371 897 3434 diceretur
919 3370 1038 3449 multa,
1072 3373 1103 3433 et
1125 3370 1158 3433 id
1180 3370 1295 3435 esset¹⁴
1319 3375 1464 3436 coactum
1585 3415 1586 3418 =

290 3478 324 3541 in
346 3477 520 3561 publicum,
544 3478 571 3542 si
594 3480 662 3541 erat
685 3475 876 3541 aversum¹⁵.

290 3653 353 3707 erat
371 3651 442 3705 CXX
460 3651 575 3721 pedum,
604 3649 819 3720 duplicatusque
845 3646 875 3700 in
893 3646 1103 3715 longitudinem
1129 3647 1261 3716 iugerum
1279 3646 1413 3702 faciebat.
1435 3681 1462 3689 -

291 3741 317 3808 7)
335 3740 426 3808 primo
445 3739 472 3807 a]
493 3737 585 3807 prima
602 3737 637 3791 F.

364 3831 387 3891 1)
407 3843 557 3896 mancupes
576 3826 611 3882 F.
631 3856 663 3865 —
683 3826 709 3896 2)
728 3825 894 3881 tationsium
912 3826 945 3878 F.
965 3856 997 3864 —
1018 3827 1044 3895 3)
1063 3824 1134 3882 trita
1150 3825 1180 3881 F.
1199 3857 1232 3866 -
1252 3828 1279 3884 4)
1297 3826 1386 3881 Lucili
1402 3847 1468 3897 pro-

290 3917 382 3983 posuit
401 3915 436 3968 A.
449 3913 570 3983 Speupel.
597 3945 630 3952 -
650 3913 677 3983 5)
697 3931 714 3968 a
731 3915 781 3968 ius.
795 3913 829 3970 F.
847 3943 883 3953 -
902 3915 928 3984 6)
947 3913 1090 3983 pontifices
1108 3914 1143 3968 F.
1161 3945 1196 3954 -
1214 3916 1240 3985 7)
1258 3914 1320 3969 ideo
1334 3915 1369 3982 F,
1388 3915 1419 3970 in
1436 3934 1468 3973 eo

291 4003 414 4071 Mueller,
433 4002 531 4057 eadem
549 4001 583 4056 A.
604 4001 724 4072 Speupcl.
741 4033 777 4042 -
794 4002 821 4071 8)
840 4001 889 4055 ubi
909 4002 943 4056 A.
954 4002 1074 4071 Speupel,
1093 4000 1159 4056 inde
1178 4001 1212 4055 F.
1234 4031 1265 4041 ·
1285 4002 1312 4069 9)
1332 4002 1375 4071 Of.
1394 4004 1467 4058 Nou.

290 4091 418 4145 Fetiales.
441 4119 476 4130 -
504 4092 546 4155 10)
563 4091 602 4144 sic
619 4091 795 4160 Aequoribus,
813 4107 913 4159 pecora
931 4089 965 4143 I«.
984 4120 1018 4129 -
1039 4091 1082 4157 ll)
1099 4091 1138 4143 sic
1157 4089 1192 4142 A.
1212 4089 1334 4159 Speupel,
1356 4091 1468 4160 pecula-

291 4178 381 4233 toriae
400 4177 434 4241 F,
456 4177 568 4247 peculia
586 4177 642 4233 tori
661 4195 694 4233 ao
711 4179 833 4234 Mueller.
856 4209 887 4218 -
908 4178 951 4248 12)
970 4179 1078 4232 furtum
1096 4195 1145 4232 out.
1166 4177 1199 4232 F.
1220 4209 1254 4219 -
1274 4179 1318 4248 13)
1343 4180 1385 4250 ut]
1405 4182 1466 4234 tum

291 4266 412 4319 Mueller.
431 4295 466 4304 —-
494 4267 537 4332 14)
556 4282 613 4319 esse
634 4265 667 4318 F.
688 4297 719 4305 -
739 4269 783 4330 15)
803 4266 847 4320 De
865 4268 922 4320 loco
940 4267 1038 4321 uueuol.
1057 4283 1081 4320 o.
1101 4265 1174 4320 Mue.
1193 4267 1223 4320 lu
1241 4266 1317 4333 edit,
1345 4266 1462 4336 Locum,

292 4353 344 4406 Ra.
364 4353 404 4404 M.
424 4355 508 4419 6‚106.
545 4352 670 4422 Speupel,
698 4354 809 4408 Muucle.
834 4355 914 4408 alud.
933 4354 1002 4408 Aba.
1022 4356 1114 4421 7,450.
1153 4354 1248 4422 Tullo,
1275 4354 1372 4410 Jauo.
1384 4354 1410 4422 f.
1431 4355 1464 4409 ll.

290 4441 363 4496 Plu.
381 4442 447 4493 1855
461 4456 490 4507 p.
509 4443 568 4494 524.
605 4438 649 4492 De
664 4442 791 4508 peculatu
809 4441 851 4514 cf,
864 4441 937 4495 Fest.
957 4440 1115 4495 Pcculatus.
