3256 5154
701 333 820 390 Senatus
837 331 975 389 oomulta

539 602 592 666 22.
626 599 691 668 So,
714 598 976 665 Innoianum
1011 607 1045 662 a.
1065 595 1155 662 127.1

337 743 504 820 (Ulpianus
525 742 544 801 t.
561 738 908 812 Vuueuouuussouuu:
930 734 1052 794 Factum
1067 733 1186 806 estse,
1207 735 1333 794 Aemilio
1342 735 1433 796 Iunoo

258 841 289 898 et
307 838 387 898 Iulio
408 837 514 897 Severo
534 855 602 910 eos,
623 836 655 894 in
675 835 746 894 haee
766 834 883 912 verbaz)

342 936 480 1015 Placere,
504 935 567 1020 [ut]
593 935 621 1000 si
644 933 716 1018 quis
739 955 777 998 ex
798 933 860 1012 his,
883 932 939 1015 qui
954 930 1229 996 fideicommissum
1251 929 1433 996 libertatem

255 1067 293 1110 ex
316 1063 515 1128 quacumque
544 1061 639 1106 oausa
661 1039 812 1105 deberent
834 1059 942 1117 servo,
974 1036 1030 1120 qui
1052 1035 1165 1100 mortis
1188 1037 1431 1120 temperemus,

256 1147 313 1233 qui
337 1145 475 1232 rogavit,
506 1167 571 1210 non
594 1142 718 1224 fuerit‚²
742 1143 849 1208 adesse
871 1142 1060 1228 negabitur:
1091 1143 1219 1224 praetor
1241 1146 1432 1225 cognoseat3

143 1258 145 1264 ’
255 1256 287 1318 et
310 1251 393 1316 siin
416 1272 454 1315 ea
476 1271 572 1315 eausa
593 1272 660 1316 esse
683 1247 861 1327 videbitur,
893 1250 948 1327 ut,
981 1246 1009 1311 si
1031 1267 1179 1331 praesens
1202 1249 1294 1325 esset,
1317 1269 1431 1310 manu·

258 1357 387 1422 mittere
410 1354 483 1441 eogi
505 1354 651 1420 deberet:
675 1353 709 1419 id
731 1353 779 1418 ita
800 1373 868 1416 esse
890 1351 1085 1435 pronuntiet.
1131 1350 1274 1435 Cumque
1296 1350 1342 1415 ita
1357 1373 1432 1434 pro·

256 1462 455 1540 nuntiasset,
485 1459 569 1524 idem
592 1459 670 1524 iuris
693 1459 771 1537 erit,
795 1457 879 1543 quod
902 1460 997 1537 esset,
1022 1457 1050 1521 si
1071 1458 1128 1537 ita,
1151 1461 1188 1521 ut
1210 1479 1248 1522 ex
1271 1456 1431 1522 fideioom·

257 1568 355 1632 misso
376 1565 563 1631 manumitti
585 1565 754 1644 debuisset,
776 1563 989 1628 manumissus
1010 1564 1102 1627 esset.

527 1760 579 1826 23.
609 1756 674 1822 Sd.
698 1754 1003 1821 Iuventianum
1025 1777 1052 1819 a.
1077 1752 1167 1818 129⁸.

353 1897 521 1972 (Utptuuus
551 1895 569 1952 t.
592 1892 659 1953 XV
679 1892 720 1952 od
739 1891 885 1952 edietum:
905 1923 944 1932 -
965 1888 1000 1947 de
1029 1889 1172 1964 petitione
1200 1889 1373 1951 hereditatis
1392 1927 1431 1936 -—

260 2011 328 2052 oum
349 1991 444 2050 forma
463 1988 537 2049 suto
559 1988 599 2048 sit
618 1988 703 2059 data,
734 1987 880 2063 optimum
907 1988 938 2046 et
957 1986 1051 2061 ipsius
1072 1985 1140 2046 soti
1160 1988 1432 2063 interpretationem

259 2089 364 2158 faeere,
386 2087 484 2147 verbis
503 2086 568 2145 eius
589 2086 715 2164 relatisz)

345 2194 449 2259 Pridie
472 2194 542 2258 idus
565 2191 699 2256 Martias
723 2188 760 2266 Q.
777 2189 878 2256 lulius
901 2188 1022 2254 Balbus
1045 2192 1077 2255 et
1092 2187 1128 2254 P.
1144 2187 1308 2256 luventius
1324 2189 1433 2256 Celsus

256 2301 362 2366 Titius
396 2299 543 2363 Aufidius
575 2295 680 2362 Oenus
708 2294 896 2362 Severianus
928 2295 1072 2360 eonsules
1103 2296 1200 2360 verba
1230 2296 1373 2362 focerunt
1395 2297 1433 2362 de

255 2406 317 2486 his,
352 2427 433 2489 quae
455 2404 630 2488 imperator
653 2400 767 2467 Caesar
790 2400 921 2466 Traiani
942 2400 1086 2465 Parthici
1109 2400 1195 2465 fih'us
1217 2400 1283 2466 divi
1305 2399 1432 2467 Nervae

253 2532 350 2596 nepos
393 2507 575 2574 Hadrianus
613 2507 780 2594 Augustus
823 2507 997 2591 imperator
1027 2507 1250 2591 maximusque
1283 2509 1430 2592 princeps

255 2612 437 2700 proposuit⁴
461 2614 573 2698 quinto
596 2635 696 2679 nonas
716 2611 851 2678 Murtias
874 2634 955 2697 quae
977 2612 1141 2696 proximae
1156 2611 1289 2678 fuerunt
1303 2610 1431 2678 libe110⁵

257 2719 439 2804 complexus
464 2722 555 2798 esset,
580 2718 657 2802 quid
679 2717 749 2782 fieri
771 2717 911 2802 placeat3

342 2826 380 2890 de
403 2824 483 2910 qua⁶
506 2847 540 2889 re
562 2824 609 2888 ita
631 2827 838 2889 censuerunt:
869 2845 951 2904 oum,
975 2828 1146 2909 antequam
1169 2827 1276 2908 partes
1298 2823 1434 2890 caducae

257 2952 295 2994 ex
318 2930 409 2995 bonis
432 2928 558 2995 Rustici
580 2928 657 2994 fiseo
679 2932 872 3013 peterentur,
897 2930 931 2995 hi
955 2930 1067 3014 quise
1089 2930 1219 2998 heredes
1240 2952 1307 2996 esse
1322 2931 1434 2996 existi·

256 3033 376 3115 mant⁷‚
399 3034 607 3100 hereditatem
632 3034 850 3114 distraxerint,
872 3034 1012 3119 plaeere:
1034 3035 1180 3100 redaotae
1202 3056 1241 3100 ex
1255 3036 1358 3119 pretio
1380 3058 1432 3101 re-

257 3163 329 3204 rum
352 3140 554 3204 venditarum
576 3138 727 3224 pecuniae
749 3162 861 3205 usuras
884 3161 948 3204 non
971 3161 1038 3205 esse
1061 3140 1251 3225 exigendas;
1285 3139 1433 3226 idemque

256 3245 290 3308 in
313 3244 472 3309 similibus
495 3246 597 3310 causis
620 3243 819 3309 servandum.
864 3242 968 3309 ldem⁸
991 3243 1131 3329 placere:
1160 3268 1179 3309 a
1202 3245 1318 3330 quibus
1341 3246 1432 3312 here·

259 3349 342 3414 ditas
367 3349 469 3433 petita
492 3349 615 3428 fuisset,
639 3349 667 3413 si
682 3349 831 3414 adversus
850 3370 902 3413 eos
918 3348 1092 3414 iudicatum
1107 3353 1198 3430 esset,
1221 3351 1334 3435 pretia,
1352 3373 1433 3436 quae

257 3455 296 3518 ad
319 3477 372 3519 eos
394 3476 500 3519 rerum
531 3477 568 3519 ox
597 3453 775 3519 hereditate
805 3454 1006 3519 venditarum
1028 3455 1264 3539 pervenissent,
1296 3455 1357 3521 etsi
1379 3479 1434 3523 eae

345 3627 371 3695 1)
389 3626 427 3680 D.
446 3629 587 3695 40,5,28,4.
606 3657 640 3666 -
658 3627 687 3695 2)
705 3627 783 3696 isque
800 3628 850 3682 tus.
872 3625 947 3696 Du„
966 3626 1061 3681 detonet
1078 3627 1136 3681 Mo.
1156 3657 1188 3667 —
1207 3628 1234 3696 3)
1254 3627 1292 3681 D.
1311 3631 1434 3697 5,3,20.6.

255 3745 290 3755 -
308 3715 336 3783 4)
354 3713 508 3768 Exordium
526 3714 718 3768 reatitueudum
735 3719 774 3768 est
790 3715 845 3769 itu:
864 3713 957 3768 Pridie
974 3713 1037 3767 idus
1056 3713 1182 3769 Martias.
1210 3715 1289 3781 Quod
1301 3715 1331 3781 Q.
1345 3715 1434 3770 Iulius

257 3802 374 3866 Balbus,
400 3801 429 3856 P.
450 3802 594 3856 Iuventius
615 3800 710 3856 Celsus
728 3799 808 3856 'situs
826 3802 953 3856 Aufidius
971 3801 1093 3857 Hoenius
1112 3801 1277 3858 Severianus
1295 3819 1347 3860 oos.
1366 3822 1393 3859 v.
1413 3805 1433 3860 f.

255 3890 290 3945 de
308 3889 350 3942 his
368 3903 440 3958 quiae
458 3887 525 3958 imp.
535 3888 645 3954 Caesar,
665 3889 724 3943 divi
736 3889 853 3944 Traiani
871 3889 995 3944 Parthici
1006 3891 1026 3946 f.
1040 3890 1101 3944 divi
1113 3889 1224 3946 Nervae
1238 3910 1274 3955 n.,
1294 3891 1433 3948 itatenus

255 3976 416 4032 Hadrianus
436 3977 579 4045 Augustus
598 3976 720 4045 optimus
741 3977 932 4047 maximusque
950 3977 1078 4049 princeps
1097 3978 1201 4049 p(ater)
1219 3979 1353 4052 p(atriae)
1372 3985 1434 4051 (pro

255 4064 400 4136 proposuit
428 4063 576 4132 Pithoeus).
614 4064 743 4119 Consules
770 4065 823 4118 duo
846 4071 924 4133 suut,
950 4082 1007 4120 uou
1025 4072 1167 4136 quattuor,
1195 4067 1226 4122 id
1242 4068 1314 4137 quod
1326 4071 1435 4138 possut

256 4154 328 4208 Rud.
349 4153 409 4208 Ro.
428 4157 518 4221 1,117,·
544 4154 613 4208 alter
630 4157 800 4223 πολυώνυμος
823 4161 862 4209 eat
878 4156 948 4210 siout
965 4155 1041 4224 iufra
1058 4157 1089 4210 iu
1106 4155 1157 4211 SO.
1175 4154 1241 4225 Boo.
1267 4154 1308 4210 Μ
1326 4155 1435 4211 Nouius

256 4243 402 4297 Mucianus
420 4242 468 4312 (os.
488 4241 554 4312 Mo,
573 4242 685 4297 Hermes
703 4246 784 4308 3,75).
801 4273 837 4282 -
855 4245 881 4314 5)
901 4243 1001 4312 oratio,
1020 4245 1038 4298 l.
1052 4248 1089 4298 22
1107 4247 1180 4300 etro
1197 4243 1222 4299 t.
1233 4249 1252 4298 t.
1270 4273 1306 4282 —
1323 4245 1351 4311 6)
1364 4259 1432 4298 corr.

256 4346 297 4383 ea.
327 4360 356 4368 -
383 4330 409 4397 7)
430 4328 464 4383 L.
482 4333 527 4398 20,
545 4333 627 4395 512.-
653 4329 696 4385 ita
720 4333 833 4386 senatus
858 4331 968 4388 loeutus
993 4333 1049 4388 est:
1078 4331 1139 4402 ‘soei
1156 4331 1203 4400 qm'
1225 4361 1258 4370 -
1277 4329 1433 4388 existimas·

256 4415 334 4472 sent'.
355 4449 388 4459 -
407 4418 434 4486 8)
453 4435 521 4474 eoru.
539 4418 620 4474 item.
