3214 5168
285 359 351 428 332
832 357 939 418 nana

288 537 342 602 sed
366 536 462 602 etiam
484 535 683 622 privatarum
705 557 814 602 curam
837 536 987 622 gerebat3
1016 540 1127 622 postea
1147 537 1209 603 hoo
1230 558 1347 604 nomen
1368 542 1402 604 et
1423 540 1469 605 ad

287 643 495 729 magistratus
522 644 715 709 translatum
738 647 795 708 est.
842 642 972 708 Dictus1
1005 647 1053 708 est
1085 648 1192 709 autem
1215 645 1344 727 aedilis,
1378 647 1469 732 quod

286 748 389 814 facilis
412 749 452 813 ad
475 771 547 814 eum
569 749 657 834 plebi
679 749 784 814 aditus
808 753 899 814 esset.
945 748 984 814 P.
1008 755 1061 816 13.

287 854 459 920 Aerarii
481 855 677 921 tribunii
700 878 719 920 a
740 855 910 920 tribuendo
934 877 1005 922 aere
1027 858 1103 921 sunt
1125 856 1288 940 appellati.
1333 855 1373 920 P.
1397 861 1429 920 2.

286 958 367 1024 Aer
377 961 509 1024 arium
532 996 572 1008 -
596 961 732 1046 populus
749 959 913 1027 Romanus
936 961 970 1026 in
986 962 1063 1028 aede
1078 959 1209 1028 Saturni
1224 961 1350 1026 habuit.
1373 960 1412 1026 P.
1426 967 1466 1028 2.

286 1063 537 1130 Aestimate
566 1088 668 1150 poena
696 1067 737 1132 ab
759 1066 900 1151 antiquis
934 1068 975 1133 ab
1009 1089 1081 1133 aere
1111 1066 1196 1132 diota
1218 1071 1284 1148 est,
1313 1067 1369 1153 qui
1392 1089 1468 1132 eam

288 1170 538 1236 aestimaverunt
562 1193 643 1252 aere,
666 1193 756 1236 ovem
779 1171 927 1253 decussis,
949 1173 1064 1238 bovem
1078 1173 1244 1254 centussis,
1267 1173 1328 1238 hoc
1344 1175 1393 1238 est
1407 1172 1467 1238 de-

289 1298 355 1341 cem
378 1277 429 1342 vel
450 1282 577 1343 centum
600 1279 733 1343 assibus.
778 1277 818 1343 P.
841 1284 897 1344 24.
933 1277 998 1364 (Of.
1021 1277 1187 1364 Maxima.)

288 1379 441 1446 Aliuta
463 1387 514 1447 cet.
549 1404 575 1446 o.
598 1403 699 1465 supro
716 1405 752 1465 p.
777 1389 828 1450 10.
873 1383 913 1449 P.
941 1390 969 1449 6.

288 1485 459 1552 Allecti
492 1489 678 1554 dicebantur
708 1489 792 1574 apud
819 1487 996 1570 Romanoa,
1028 1489 1084 1575 qui
1106 1492 1238 1574 propter
1259 1487 1402 1573 inopiam
1423 1511 1468 1554 ex

288 1593 428 1677 equestri
451 1593 561 1659 ordine
583 1595 618 1658 in
640 1598 824 1660 senatorum
845 1599 921 1660 sunt
943 1617 1075 1662 numero
1098 1595 1269 1679 adsumpti.
1301 1592 1387 1660 Nam
1403 1616 1467 1678 pa-

287 1701 352 1762 tres
376 1696 533 1779 dicuntur,
571 1700 626 1784 qui
649 1704 724 1764 sunt
746 1699 873 1784 patricii
894 1699 1037 1787 generis3
1070 1701 1251 1785 conscripti,
1276 1700 1331 1785 qui
1355 1700 1390 1764 in
1412 1721 1468 1764 se-

289 1799 384 1866 natu²
408 1806 483 1867 sunt
506 1805 632 1889 scriptis
656 1805 811 1871 annotati.
849 1804 888 1884 P.
915 1810 942 1871 7.

287 1907 487 1973 Ambitus
513 1910 641 1994 proprie
662 1910 779 1976 dicitur
800 1907 967 1975 circuitus⁸
991 1909 1206 1976 aedificiorum
1229 1913 1341 1995 patens
1363 1909 1398 1973 in
1412 1907 1467 1972 la-

286 2013 461 2079 titudinem
483 2015 577 2099 pedes
599 2016 677 2080 duos
700 2018 732 2080 et
754 2015 926 2095 semissem,
956 2015 990 2079 in
1014 2014 1248 2101 longitudinem
1270 2014 1355 2078 idem
1377 2014 1468 2098 quod

288 2118 475 2185 aedificium.
520 2119 561 2185 P.
585 2127 614 2188 5.

286 2223 492 2290 Ambitus
515 2227 643 2312 proprie
665 2227 780 2291 dicitur
802 2227 887 2292 inter
908 2225 1086 2291 vicinorum
1108 2223 1251 2290 aedificia
1272 2222 1360 2289 locus
1383 2223 1469 2287 duo-

287 2353 358 2394 rum
388 2331 504 2415 pedum
534 2336 566 2396 et
599 2332 765 2419 semipedis
798 2333 837 2397 ad
870 2332 1083 2398 circumeundi
1106 2330 1293 2396 facultatem
1322 2328 1467 2395 relictae.

287 2436 338 2502 Ex
360 2459 423 2521 quo
448 2437 545 2503 etiam
567 2439 698 2504 honoris
721 2439 861 2504 ambitus
893 2438 955 2503 dici
977 2439 1106 2522 coeptus
1129 2439 1177 2501 est
1200 2457 1219 2500 a
1241 2434 1468 2500 circumeundo

288 2541 566 2630 supplicandoque.
611 2543 652 2610 P.
677 2550 729 2610 16.

287 2651 538 2736 Amsegetes
561 2651 721 2731 dicuntur,
745 2671 881 2735 quorum
904 2670 981 2734 ager
1003 2649 1089 2713 viam
1111 2645 1228 2732 tangit.
1273 2643 1313 2712 P.
1338 2641 1411 2709 21st

287 2753 484 2819 Annaria
505 2755 557 2821 lex
579 2793 622 2803 -
645 2778 691 2837 ea,
715 2779 779 2841 qua
801 2756 959 2820 finiuntur
981 2754 1057 2819 anni
1078 2751 1287 2838 magistratus
1306 2749 1465 2834 capiendi.

287 2859 327 2924 P.
351 2865 406 2925 27.

288 2965 408 3048 Aqua
430 2969 471 3032 et
492 2967 585 3052 igni
609 2971 677 3033 tam
699 2969 847 3035 interdici
862 2968 943 3034 solet
957 2967 1126 3047 damnatis,
1149 2988 1246 3051 quam
1261 2963 1465 3049 accipiuntur

288 3073 424 3154 nuptae,
455 3071 602 3138 videlicet
631 3075 707 3157 quia
735 3075 795 3140 hae
822 3075 903 3139 duae
931 3095 980 3139 res
1003 3073 1177 3138 humanam
1199 3069 1300 3135 vitam
1322 3069 1462 3134 maxime

288 3175 462 3240 continent.
506 3176 623 3248 Ρεςέ.ὖ

288 3280 469 3346 Arbiter
498 3282 615 3367 dicitur
642 3285 755 3365 iudex,
786 3286 871 3371 quod
901 3285 1001 3350 totius
1029 3283 1075 3349 rei
1097 3282 1215 3349 habeat
1236 3281 1406 3348 arbitrium
1427 3287 1463 3346 et

288 3385 484 3452 facultatem.
509 3425 550 3434 -
574 3387 824 3456 Arbitrium
846 3390 963 3456 dicitur
985 3389 1152 3469 sententia,
1177 3409 1258 3472 quae
1280 3388 1321 3452 ab
1337 3388 1460 3453 arbitro

287 3493 450 3560 statuitur.
477 3531 517 3542 -
541 3494 855 3577 Arbitrarium,
887 3518 959 3561 cum
981 3494 1085 3560 adhuc
1106 3515 1155 3560 res
1179 3494 1263 3578 apud
1285 3492 1461 3559 arbitrum⁸

287 3599 421 3683 geritur.
466 3599 506 3666 P.
531 3605 583 3666 15.

260 3733 261 3738 ¹
288 3703 456 3770 Armita
479 3706 640 3771 dicebatur
662 3705 754 3790 uirgo
776 3705 967 3786 sacrificans,
990 3703 1042 3770 cui
1062 3703 1179 3770 lacinia
1201 3709 1296 3790 togae
1318 3703 1352 3769 in
1372 3728 1461 3770 ume-

290 3831 362 3873 rum
393 3813 461 3875 erat
483 3810 624 3876 reiectat
668 3810 806 3894 Legibus
835 3811 932 3876 etiam
954 3810 1147 3876 Laurentum
1175 3813 1319 3876 sanctum
1342 3814 1399 3892 est,
1421 3833 1463 3876 ne

289 3939 419 3999 pomum
451 3940 489 3982 ex
513 3916 615 3983 alieno
636 3917 764 4004 legatur
794 3917 829 3980 in
851 3938 992 3997 armum,
1021 3916 1055 3980 id
1078 3919 1127 3980 est
1150 3916 1234 4001 quod
1257 3917 1359 3980 umeri
1382 3938 1461 3981 onus

288 4023 340 4086 sit.
385 4021 424 4086 P.
447 4021 495 4088 4.⁸

381 4198 406 4269 1)
425 4197 531 4252 dictum
552 4197 592 4252 M.
618 4226 653 4236 —
679 4197 708 4268 2)
726 4197 838 4252 senatus
858 4195 891 4250 G.
920 4228 952 4238 -
979 4195 1007 4266 3)
1027 4194 1189 4250 circumitus
1210 4193 1244 4250 G.
1269 4225 1301 4236 -
1328 4195 1356 4264 4)
1374 4194 1463 4266 Berpt

290 4285 388 4354 (ΖΕΘ.
408 4288 527 4354 14,143).·
546 4303 591 4340 am
611 4286 727 4356 segetes,
746 4287 811 4354 aaa
828 4291 924 4340 canes
942 4301 979 4338 aa
992 4300 1046 4353 pro
1064 4283 1168 4338 circum
1182 4299 1283 4353 ponere
1295 4291 1463 4352 cantarunt,

289 4379 353 4430 toste
372 4375 460 4430 Mcar.
478 4379 613 4443 aot.1,14.
632 4405 664 4415 -
685 4373 711 4444 5)
732 4373 775 4443 Of.
793 4373 831 4429 D.
842 4375 981 4441 24,1,66,1.
1000 4403 1033 4412 -
1054 4372 1082 4443 6)
1095 4371 1246 4425 arbitrium
1263 4371 1304 4426 Μ.
1324 4402 1358 4412 -
1376 4376 1402 4438 7)
1421 4388 1463 4426 re·

293 4464 367 4518 lecta
386 4462 426 4518 Μ.
452 4493 485 4502 -
510 4463 537 4532 8)
556 4461 599 4532 Of.
618 4461 733 4530 Gaiam,
751 4461 874 4518 boucla
891 4461 1055 4517 n-Azarta
1072 4461 1131 4515 554.
