3184 5156
614 376 704 448 Lace·
721 376 824 448 redae
1264 374 1305 440 11

124 557 236 624 θεσία·
268 555 426 630 κελεύσας
449 591 490 604 -
514 551 640 638 ἑκάστῳ
670 553 864 638 περιγράψαι
893 558 949 639 τὴν
978 553 1091 618 ἑαυτοῦ
1119 561 1230 638 κτῆσιν
1252 552 1308 616 καί

135 673 249 748 στῆσαι
281 663 392 736 λίθους
424 659 476 724 ἐπὶ
496 667 561 733 τοῖς
585 659 678 741 ὅροις,
705 658 805 742 ίεροὺς
829 658 989 737 ἀπέδειξεν
1016 659 1102 742 ὁρίου
1124 657 1196 734 Διὸς
1235 659 1307 733 τοὺς

127 767 248 844 λίθους.
274 807 315 817 -
339 769 366 832 εἰ
388 765 423 830 δέ
445 785 490 839 τις
513 762 689 846 ἀφανίσειεν
712 765 733 848 ἢ
757 763 908 850 μεταθείη
924 764 997 840 τοὺς
1013 766 1119 848 ὅρους,
1144 763 1225 847 ίερδν
1241 761 1306 826 ἐνο-

130 873 309 960 μοθέτησεν
332 874 410 938 εἶναι
431 878 486 935 τοῦ
509 869 588 933 θεοῦ
612 869 664 932 τὸν
688 868 807 933 τούτων
829 890 859 933 τι
885 868 1161 955 διαπραξάμενον.1

218 980 272 1044 17.
295 977 488 1044 Potamou
511 975 635 1058 (Naum
650 974 751 1058 17)st
775 973 847 1040 Τῶν
870 975 906 1039 δὲ
928 975 1034 1040 ἄλλων
1055 978 1151 1040 αὐτοῦ
1166 975 1308 1040 πολιτευ-

129 1083 235 1168 μάτων
250 1085 273 1170 ἡ
288 1087 373 1148 κατὰ
388 1082 501 1168 τέχνας
516 1081 648 1166 διανομὴ
664 1087 720 1145 τοῦ
734 1079 879 1166 πλήθους
895 1079 1031 1165 μάλιστα
1044 1079 1253 1165 θαυμάζεται.
1264 1116 1309 1127 -

129 1188 188 1254 Ἦν
211 1190 249 1254 δὲ
270 1191 292 1275 ἡ
312 1189 444 1273 διανομὴ
475 1189 560 1250 κατὰ
582 1188 638 1261 τὰς
661 1185 774 1270 τέχνας
798 1184 956 1271 αὐλητῶν,
979 1185 1174 1270 χρυσοχόων,
1198 1184 1308 1249 τεκτά-

129 1312 199 1374 νυν,
224 1291 360 1380 βαρέων,
383 1289 596 1374 σκυτοτόμων,
620 1289 835 1373 σκυτοδεψῶν,
859 1288 1017 1374 χαλκέων,
1040 1290 1215 1375 κεραμίων.
1251 1293 1308 1365 τὰς

131 1398 165 1462 δὲ
187 1396 302 1472 λοιπάς
324 1396 437 1482 τὲχνας
460 1395 503 1470 εἰς
525 1396 621 1459 ταύτὸ
644 1397 832 1480 συναγαγὼν
854 1396 888 1460 ἓν
910 1398 1013 1462 αὐτῶν
1036 1397 1075 1460 ἐκ
1096 1405 1206 1460 πασῶν
1228 1395 1307 1460 ἀπέ-

133 1501 213 1581 δειξε
238 1503 396 1588 σύστημα·
432 1500 595 1576 κοινωνίας
629 1501 664 1565 δὲ
686 1501 742 1564 καί
763 1500 913 1577 συνόδους
936 1503 992 1566 καί
1011 1502 1097 1566 θεῶν
1119 1503 1209 1586 τιμὰς
1232 1501 1309 1566 ἀπο-

135 1608 208 1684 δοὺς
232 1607 359 1691 ἑκάστῳ
382 1604 465 1690 γένει
486 1605 668 1690 πρεπούσας
690 1605 762 1672 κτλ.

223 1714 274 1780 18.
308 1713 495 1779 Macrobius
518 1711 712 1797 (sot.1,13):
744 1711 853 1778 Numa
876 1713 974 1796 (anno
997 1713 1162 1798 Βυιιιιιίί)3
1193 1713 1220 1778 L
1243 1713 1309 1780 dies

139 1818 279 1898 addidit,
310 1816 402 1882 utin
425 1814 592 1882 cocnffll
614 1817 696 1899 dies,
728 1818 843 1903 quibus
866 1819 930 1886 XII
952 1821 1046 1886 lunae
1067 1843 1177 1886 cursus
1199 1820 1312 1885 confici

134 1924 276 2005 credidit,
300 1945 402 1989 annus
434 1923 673 2001 extenderetur3
704 1928 800 2008 atque
828 1926 924 1992 hisL
956 1949 976 1991 a
1004 1949 1037 1992 se
1059 1927 1175 1992 additis
1197 1926 1313 1991 adiecit

135 2030 214 2096 alios
238 2028 304 2109 VI,
335 2031 489 2094 retractos
512 2026 576 2092 illis
598 2025 646 2092 VI
667 2028 830 2095 mensibus
861 2030 916 2116 qui
939 2030 1032 2096 XXX
1053 2029 1216 2096 habebant
1236 2030 1310 2110 dies,

136 2171 178 2182 -
201 2135 367 2220 factosque
389 2131 464 2200 LVI
486 2132 551 2198 dies
574 2132 608 2196 in
631 2133 710 2198 duos
732 2156 831 2200 novos
853 2159 976 2202 menses
997 2137 1069 2220 pari
1083 2136 1207 2200 ratione
1229 2134 1311 2200 divi·

133 2241 192 2306 sit:
216 2261 253 2306 ac
275 2276 319 2286 -
341 2238 481 2324 priorem
504 2237 690 2303 Ianuarium
713 2241 909 2324 nuncupavit
927 2241 1130 2326 primumque
1153 2241 1228 2304 anni
1244 2263 1310 2305 esse

134 2345 246 2424 voluit,
270 2381 311 2391 —
335 2343 507 2408 secundum
537 2343 655 2408 dicavit
678 2341 805 2408 Februo
828 2344 895 2409 deo.
919 2381 962 2391 —
984 2345 1085 2410 Paulo
1106 2348 1180 2430 post
1202 2343 1311 2409 Numa

133 2450 167 2514 in
189 2450 345 2515 honorem
373 2448 494 2534 inparis
526 2448 676 2514 numeri4
699 2485 743 2496 -
765 2472 866 2514 unum
888 2450 1003 2516 adiecit
1025 2451 1118 2532 diem,
1141 2472 1235 2535 quem
1258 2449 1311 2514 Ia·

132 2555 246 2620 nuario
259 2556 346 2621 dedit
370 2593 420 2620 -.
444 2553 612 2620 Ianuarius
634 2555 745 2641 igItur,
771 2554 902 2640 Aprilis,
926 2555 1047 2635 Iunius,
1071 2553 1209 2635 Sextilis,
1231 2553 1310 2639 Sep·

130 2662 269 2740 tember,
298 2659 496 2752 November,
529 2660 703 2727 December
739 2659 900 2726 XXVIIII
933 2661 1143 2726 censebantur
1177 2661 1306 2738 diebns3

133 2804 177 2814 -—
200 2765 339 2832 Martius
362 2787 447 2845 vero,
470 2764 586 2845 Maius,
610 2764 779 2842 Quinctilis
802 2769 834 2832 et
849 2763 986 2830 October
1008 2765 1074 2830 dies
1088 2764 1180 2830 XXX
1199 2765 1311 2852 singu·

133 2871 183 2938 los
207 2870 425 2956 possidebant,
447 2867 640 2936 Februarius
663 2868 806 2935 XXVIII
828 2870 963 2936 retinuit
985 2872 1088 2938 (ίίευ.ὃ

133 3062 219 3118 latio:
237 3060 336 3116 iubens
353 3075 580 3129 unumquemque
604 3058 758 3115 terminare
777 3078 877 3130 agrum
897 3079 978 3116 suum
997 3065 1026 3118 et
1038 3061 1146 3133 lapides
1164 3061 1310 3117 infinibus

134 3166 246 3222 ponere,
265 3166 311 3204 eos
331 3148 389 3203 Iovi
407 3145 537 3202 Termino
555 3147 691 3201 sacravit:
710 3148 734 3202 si
752 3148 814 3217 quis
834 3166 900 3205 vero
922 3150 1056 3207 terminos
1077 3151 1202 3207 eiecisset
1214 3151 1310 3207 locove

135 3239 277 3302 movisset,
296 3238 348 3294 dec
365 3254 475 3292 sacrum
493 3253 552 3292 esse
569 3236 619 3306 qui
636 3236 754 3304 fecisset,
774 3237 888 3309 sanxit.)

209 3329 237 3396 1)
257 3325 299 3394 Of.
319 3324 392 3379 Fert.
413 3324 555 3380 Termino:
583 3325 679 3379 Numa
698 3325 851 3396 Pompilius
870 3328 989 3392 statuit,
1009 3345 1072 3383 eum
1091 3329 1140 3398 qui
1159 3327 1311 3382 terminum

138 3417 282 3472 exarescet
305 3416 334 3468 et
350 3413 443 3482 ipsum
462 3413 490 3466 et
510 3413 594 3468 boves
612 3429 703 3468 sacros
722 3430 787 3468 esse.
805 3443 842 3454 -
859 3415 886 3483 2)
904 3414 957 3482 (De
975 3415 1074 3470 ceteris
1093 3416 1152 3469 eius
1171 3413 1310 3469 institutis

135 3503 290 3558 maximam
308 3499 526 3556 admirationem
552 3500 639 3556 habet
657 3501 746 3570 plebis
764 3519 815 3572 per
829 3501 950 3557 artificia
968 3503 1146 3568 distributio;
1165 3505 1233 3558 haec
1245 3520 1312 3559 vero

137 3593 207 3646 fuit:
236 3589 393 3654 tibicinum,
427 3589 580 3656 aurificum,
597 3590 742 3645 fabrorum
759 3590 975 3660 tignuariorum,
995 3590 1157 3656 tinctorum,
1177 3594 1311 3656 sutorum,

137 3678 334 3742 coriariorum,
362 3677 506 3732 fabrorum
530 3676 717 3744 aerariorum,
743 3677 908 3747 figulorum
936 3678 1059 3747 retiquae
1078 3680 1153 3733 artes
1178 3678 1208 3731 in
1225 3695 1314 3732 unum

140 3767 232 3836 coegit
251 3782 394 3834 unumque
412 3781 446 3818 ex
463 3764 497 3818 iis
516 3765 645 3821 omnibus
657 3765 724 3820 fecit
736 3782 847 3836 corpus3
866 3766 1007 3822 consortia
1019 3768 1049 3821 et
1061 3765 1179 3822 concilia
1191 3767 1220 3820 et
1232 3783 1312 3821 saera

138 3856 236 3926 cuique
255 3853 352 3924 generi
370 3853 498 3908 tribuens
517 3853 731 3921 convenientia.)
750 3883 784 3894 -
801 3855 830 3923 3)
850 3854 891 3923 Of.
912 3856 959 3925 lep.
980 3855 1057 3910 Rom.
1076 3857 1101 3908 δι
1121 3883 1150 3896 -
1169 3855 1196 3923 4)
1214 3855 1310 3923 Impar

139 3959 272 3997 numerus
289 3939 381 4010 magis
399 3941 509 3995 faustus
537 3941 705 3998 habebatur.
728 3942 803 3997 Ceus.
822 3943 847 3996 d.
860 3943 886 3996 ιί
898 3949 955 3998 aut.
967 3947 1039 4011 20,4.
1057 3975 1091 3983 -
1111 3943 1139 4012 5)
1159 3941 1234 3996 Ceus.
1246 3941 1273 3995 d.
1286 3941 1312 3995 d.

136 4037 190 4085 nat.
210 4033 290 4097 20,4:
320 4027 423 4085 Postea
448 4030 506 4085 sive
525 4047 542 4084 a
561 4031 661 4092 Numa,
685 4033 717 4084 ut
737 4030 778 4084 ait
795 4029 919 4098 Fulvius,
942 4031 1007 4094 sive,
1026 4031 1059 4083 nt
1078 4029 1183 4093 Iunius,
1203 4046 1220 4083 a
1239 4029 1306 4082 Tar·

137 4118 234 4188 quinio
256 4119 288 4170 12
306 4116 376 4172 facti
400 4119 466 4171 sunt
492 4134 599 4172 menses
618 4119 647 4172 et
665 4116 722 4172 diss
741 4118 801 4174 355.
838 4118 987 4186 Ia'c.1,19:
1016 4119 1132 4188 (Numa)
1163 4117 1199 4171 ad
1217 4133 1312 4170 cursus

135 4207 220 4262 lunas
247 4205 280 4259 in
300 4205 354 4260 XII
372 4222 479 4260 menses
503 4203 636 4260 describit
656 4221 762 4258 annum
774 4204 1008 4261 -intercalariis
1026 4205 1167 4260 mensibus
1186 4205 1310 4273 interpo-

138 4293 242 4348 nendis.
272 4321 309 4330 -
328 4290 575 4361 Ovid.faat.1,43:
613 4295 652 4346 At
670 4292 765 4346 Numa
784 4325 815 4333 -
835 4294 975 4350 mensibus
999 4294 1123 4363 antiquis
1148 4290 1311 4363 praeposuit

138 4382 210 4440 duos.
248 4381 325 4435 Plu.
343 4380 436 4435 Naum
459 4384 548 4450 18,19;
572 4398 615 4451 qu.
640 4381 718 4436 Rom.
740 4384 781 4436 19.
819 4381 860 4451 Of.
885 4381 1035 4437 Momasson
1042 4421 1050 4448 ,
1079 4379 1176 4434 Οίινοιι.
1196 4383 1307 4439 18-47.

141 4469 274 4538 Huschke,
292 4471 359 4523 τῶν.
378 4466 457 4523 διττά.
475 4471 610 4538 ras-55.
