3184 5156
258 343 288 408 X

262 520 424 606 eligendos
447 519 543 600 locos,
567 517 629 583 sibi
650 517 778 598 habeat,
801 518 921 583 infitias
943 540 1008 582 non
1030 517 1100 582 ibo:
1122 517 1258 584 liberum
1273 520 1432 604 quoddam

259 643 293 707 in
324 642 383 707 tali
411 664 446 707 re
476 641 708 707 concedendum
739 644 787 706 est
809 640 994 723 arbitrium;
1022 641 1133 724 utique
1155 641 1328 706 cavendum
1350 644 1430 710 mihi

258 769 336 845 erat,
359 787 399 830 ne
421 763 521 828 nimia
543 763 635 828 fieret
655 762 757 827 libelli
780 761 888 828 moles.

345 886 477 953 Ponitus
500 886 707 952 recedendum
736 907 754 949 a
776 885 882 969 priore
904 885 1041 950 editione
1063 886 1142 950 mihi
1166 887 1289 952 eratin
1311 891 1430 955 consti-

259 1011 384 1075 tuendis
415 1014 482 1074 tam
510 1008 619 1094 legum
647 1030 744 1092 quam
767 1011 943 1072 ceterorum
964 1007 1103 1071 locorum
1126 1007 1324 1074 lectionibus.
1371 1010 1429 1076 Elt-

259 1134 343 1198 enim
365 1132 587 1198 abstinendum
610 1135 679 1198 erat
702 1131 741 1196 ab
765 1129 852 1195 omni
875 1128 926 1194 cui
941 1128 1133 1195 indulseram
1149 1130 1284 1213 lieentia,
1308 1155 1348 1198 ne
1363 1156 1429 1199 ser-

258 1279 383 1322 monem
414 1257 582 1342 antiquum
611 1257 645 1321 in
677 1255 883 1320 recentiorem
915 1257 1128 1319 converterem
1159 1275 1237 1318 neve
1267 1255 1334 1320 ullo
1364 1257 1428 1322 alio

258 1381 351 1446 modo
375 1378 535 1465 legitimas
559 1378 731 1463 scripturas
754 1378 926 1452 mutarem3
950 1377 1136 1459 praesertim
1149 1376 1192 1450 in
1213 1377 1429 1462 inscriptioni·

254 1500 314 1565 bus
347 1499 584 1565 accuratissime
615 1497 859 1582 archetyporum
896 1499 1019 1561 textum
1051 1495 1162 1584 (etiam
1193 1499 1220 1563 si
1255 1500 1426 1586 orthogra-

258 1622 369 1707 phiam
391 1623 531 1706 spectas)
556 1620 688 1686 servavi.
722 1618 925 1685 Necessariae
940 1618 1092 1684 vitiorum
1107 1622 1341 1689 emendationes
1356 1625 1428 1690 ubi-

259 1768 320 1830 que
351 1749 407 1809 aut
428 1745 513 1810 notis
544 1748 600 1828 aut
622 1744 801 1808 litterarum
829 1741 933 1807 forma
954 1741 1110 1822 indicavi3
1139 1749 1231 1810 notas
1254 1768 1338 1828 vero,
1361 1751 1428 1814 tarn
1474 1771 1475 1774 ¹

259 1869 384 1934 criticas
407 1890 504 1953 quam
525 1867 697 1933 litterarius
721 1870 753 1932 et
775 1865 969 1951 exegeticas‚
1003 1866 1043 1930 ad
1066 1870 1152 1932 artos
1175 1867 1251 1932 libri
1271 1871 1428 1938 manualis

256 1991 335 2057 fines
358 1991 474 2076 redegi.
520 1991 705 2074 Quicunque
735 1990 836 2075 igitur
858 1990 1034 2055 accuratius
1056 1989 1194 2074 aliquem
1217 1991 1321 2056 locum
1344 1997 1428 2058 trac-

257 2118 326 2178 tare
348 2113 442 2193 volet,
467 2113 506 2177 ad
528 2112 688 2177 uberiores
710 2111 953 2196 inscriptionum
974 2111 1172 2178 collectiones
1196 2113 1315 2180 aliosve
1329 2115 1428 2182 libros

259 2237 384 2301 accedat
405 2257 529 2301 necesse
552 2239 609 2301 est.
648 2233 788 2300 Tantum
817 2235 933 2300 etenim
966 2236 1073 2317 abest,
1106 2240 1143 2300 nt
1165 2259 1295 2303 avocare
1326 2239 1428 2303 abiis

258 2359 363 2440 velim,
386 2362 424 2422 ut
449 2357 585 2423 invitare
607 2357 753 2442 viamque
780 2358 819 2422 ad
841 2380 893 2423 eos
917 2359 1038 2441 aperire
1061 2356 1260 2441 propositum
1282 2359 1428 2425 habeam.

344 2481 382 2547 ln
406 2483 510 2548 titulis
534 2479 762 2566 sepulcralibus
785 2479 873 2544 etin
896 2478 1053 2557 omnibus,
1081 2500 1159 2560 quos
1182 2501 1199 2542 e
1222 2481 1429 2565 scriptoribus

259 2604 371 2689 recepi,
395 2605 471 2669 locis
493 2601 660 2669 brevitatis
683 2597 788 2666 studio
811 2598 913 2663 multa
932 2598 1068 2683 quidem,
1092 2622 1173 2684 quae
1188 2601 1229 2665 ad
1244 2624 1310 2667 rem
1325 2626 1428 2668 meam

260 2727 363 2791 facere
384 2727 464 2790 milri
487 2748 551 2790 non
573 2724 772 2803 videbantur,
797 2723 898 2802 omisi,
922 2744 1043 2807 semper
1066 2728 1171 2788 autem
1188 2724 1281 2790 certis
1297 2726 1428 2808 quibus-

260 2850 333 2913 dam
356 2849 456 2935 signis
478 2849 511 2913 id
533 2846 680 2912 indicavi.
727 2843 770 2909 ‘Si
793 2845 865 2928 plus
896 2845 1040 2908 minusve
1062 2845 1230 2925 secuerim,
1263 2869 1296 2912 se
1318 2848 1430 2915 fraude

257 2974 344 3037 esto'.

346 3091 473 3157 Gratias
495 3113 555 3176 ago
587 3090 646 3160 Tb.
671 3091 863 3176 Mommsen,
898 3093 953 3176 qui
975 3091 1219 3177 inscriptionum
1242 3094 1429 3178 apographa

259 3215 391 3280 comiter
419 3236 541 3279 mecum
573 3215 834 3293 communicavit,
868 3218 900 3279 et
927 3214 1064 3284 ilenrico
1089 3214 1220 3283 Drossel
1253 3215 1427 3300 philolog0‚

258 3360 351 3422 quem
374 3337 411 3401 de
433 3358 467 3401 re
489 3338 699 3422 grammatica
721 3339 932 3404 consulebam.

343 3514 451 3579 Mense
474 3514 642 3580 Decembri
664 3537 693 3580 a.
716 3513 955 3582 MDOGGLXX.
