3194 5154
467 347 522 404 Lex
539 347 669 406 Cornelia
686 347 720 403 de
741 347 788 402 XX
806 349 1007 418 quaestoribus.
1284 353 1326 418 89

149 529 229 593 rium
254 526 456 614 provinciam
476 523 481 611 Ι
501 525 674 609 optinebit,
699 548 768 590 eam
790 525 962 609 pequniam
985 526 1013 590 ei
1037 527 1158 592 scribae
1179 529 1324 594 seribeis·

150 657 210 720 que
231 633 386 700 heredive
406 631 410 718 Ι
431 633 496 697 eius
519 631 653 710 solvito,
684 630 779 716 idque
808 631 837 695 ei
859 631 926 695 sine
948 630 1059 696 fraude
1081 654 1139 696 sua
1160 632 1263 699 facere
1284 633 1325 698 li-

150 742 228 818 ceto,
253 739 341 823 quod
354 743 366 815 ΙΙ
378 738 445 802 sine
466 736 552 802 malo
574 736 750 821 pequlatuu
771 736 839 816 fiat,
862 735 1014 822 olleisque
1036 737 1219 804 hominibus
1239 738 1351 827 eaml5

151 844 326 929 pequniam
349 865 460 927 capere
483 842 585 907 liceto
607 860 654 907 Ν
672 839 678 929 Ι

238 945 448 1032 Co(n)s(ules)
481 946 554 1030 quei
583 968 666 1010 nunc
688 949 781 1026 sunt,
814 946 855 1011 iei
877 950 951 1011 ante
977 947 1009 1011 k.
1032 947 1232 1013 Decembreis
1259 949 1326 1033 pri-

151 1077 218 1119 mas
243 1054 283 1119 de
307 1054 362 1134 eis,
386 1054 459 1139 quei
477 1050 483 1140 Ι
503 1052 586 1118 cives
598 1051 753 1117 Romanei
776 1055 860 1131 sunt,
882 1051 1038 1117 viatorem
1061 1074 1161 1116 unum
1184 1053 1325 1138 legunt0,

154 1159 226 1245 quei
248 1159 284 1224 in
304 1155 309 1245 Ι
329 1181 367 1223 ea
389 1157 515 1223 decuria
538 1157 642 1221 viator
664 1160 825 1240 appareat,
849 1178 946 1241 quam
968 1157 1127 1222 decuriam
1142 1157 1323 1245 viatorumll

154 1288 190 1329 ex
212 1263 326 1329 noneis
348 1260 576 1328 Decembribus
608 1259 737 1344 primeis
761 1261 980 1345 quaestoribus
1004 1261 1044 1326 ad
1066 1263 1223 1327 aerarium
1243 1265 1248 1345 Ι
1268 1286 1325 1348 ap·
1337 1276 1377 1330 10.

148 1391 258 1453 parere
291 1371 417 1452 oportet
450 1367 619 1452 oportebit.
666 1365 841 1452 Eidemque
873 1388 937 1432 cos.
971 1372 1046 1434 ante
1078 1368 1111 1433 k.
1142 1368 1323 1458 Decembri

149 1477 271 1560 primas
294 1474 333 1540 de
355 1474 410 1554 eis,
442 1473 516 1558 quei
536 1473 619 1538 cives
642 1471 797 1539 Romanei
819 1478 904 1553 sunt,
927 1495 1114 1559 praeconem
1136 1496 1235 1538 uuum
1255 1470 1260 1560 Ι
1280 1475 1326 1541 le·

21 1619 22 1650 1
149 1584 269 1666 gunto,
305 1579 378 1665 quei
406 1579 441 1643 in
471 1601 508 1644 ea
537 1578 664 1644 decuria
689 1601 802 1663 praeco
826 1584 993 1664 appareat,
1026 1602 1122 1665 quam
1142 1581 1147 1661 Ι
1167 1578 1326 1644 decuriam

152 1707 345 1770 praeconum
368 1707 406 1749 ex
419 1684 537 1749 noneis
560 1683 787 1750 Decembribus
809 1682 961 1769 primeisll
974 1684 1194 1770 quaestoribus
1218 1685 1258 1750 ad
1273 1707 1325 1750 ae-
1337 1692 1378 1746 15.

151 1791 272 1855 rarium
304 1812 457 1874 apparere
486 1789 655 1873 oportebit.
686 1789 690 1872 Ι
718 1787 841 1854 Deinde
869 1789 970 1854 eidem
1000 1787 1170 1872 oonsul(es)
1195 1792 1269 1854 ante
1291 1789 1324 1853 k.

153 1895 355 1962 Decembreis
377 1895 496 1979 primas
519 1894 674 1960 viatorem
693 1891 699 1981 Ι
718 1917 818 1959 unum
839 1894 981 1980 legunto,
1004 1894 1078 1978 quei
1100 1894 1134 1958 in
1149 1917 1187 1960 ea
1201 1895 1327 1961 decuria

155 2001 259 2066 viator
292 2003 460 2084 appareat,
492 2023 589 2085 quam
613 1998 797 2085 {decuriam
819 1999 979 2066 viatorum
1001 2021 1039 2064 ex
1061 1999 1171 2064 noneis
1193 2000 1326 2066 Decem·

153 2106 264 2170 bribus
295 2105 457 2172 secundeis
485 2103 491 2191 Ι
523 2105 743 2191 quaestoribus
775 2104 815 2168 ad
846 2105 1003 2170 aerarium
1026 2126 1178 2188 apparere
1201 2109 1327 2189 oportet

156 2211 324 2295 oportebit.
350 2209 362 2281 ΙΙ
387 2209 563 2295 Eidemque
590 2232 652 2275 cos.
683 2213 757 2275 ante
778 2210 810 2274 k.
833 2209 1033 2274 Decembreis
1055 2209 1175 2293 primas
1196 2232 1326 2294 praeco·
1335 2223 1377 2278 20.

155 2337 226 2380 nem
247 2316 252 2399 Ι
273 2337 373 2379 unum
395 2314 537 2401 legunto,
560 2317 633 2401 quei
655 2315 690 2381 in
713 2337 750 2380 ea
765 2314 892 2380 decuria
906 2336 1020 2399 praeco
1035 2318 1197 2399 appareat,
1214 2312 1323 2400 quaml

152 2420 312 2485 decuriam
335 2443 526 2505 praeconum
549 2444 588 2486 ex
601 2421 712 2486 noueis
727 2419 955 2486 Decembribus
970 2420 1132 2485 secundeis
1152 2418 1158 2505 Ι
1178 2424 1325 2505 quaesto-

155 2525 241 2590 ribus
273 2525 314 2590 ad
337 2526 494 2592 aerarium
526 2549 677 2612 apparere
699 2529 825 2612 oportet
847 2525 1016 2611 oportebit.
1048 2521 1054 2614 Ι
1081 2524 1203 2591 Deinde
1225 2524 1324 2590 eidem

155 2651 214 2695 cos.
239 2633 315 2696 ante
337 2631 369 2695 k.
392 2630 593 2696 Decembreis
615 2632 735 2716 primas
757 2629 913 2698 viatorem
924 2629 937 2702 ΙΙ
949 2653 1048 2695 unum
1070 2630 1219 2716 legunto,
1252 2631 1325 2715 quei
1334 2642 1377 2695 25.

153 2734 185 2798 in
218 2758 256 2801 ea
288 2735 415 2802 decuria
444 2737 549 2802 viator
581 2741 749 2822 appareat,
775 2738 897 2822 lquam
925 2736 1086 2802 decuriam
1108 2736 1265 2801 viatorum
1288 2758 1326 2801 ex

154 2840 264 2906 noueis
287 2840 515 2908 Decembribus
538 2842 659 2907 tertieis
678 2841 684 2928 Ι
704 2842 924 2928 quaestoribus
947 2842 987 2908 ad
1003 2840 1159 2908 aerarium
1175 2862 1326 2926 apparere

152 2950 278 3032 oportet
310 2947 478 3032 oportebit.
512 2947 517 3030 Ι
547 2947 724 3033 Eidemque
746 2971 808 3014 cos.
832 2952 907 3014 ante
928 2949 960 3012 k.
984 2947 1184 3013 Decembreis
1206 2947 1326 3031 primas

151 3073 339 3136 praeconem
358 3047 364 3139 Ι
383 3074 482 3117 unum
505 3053 648 3139 legunto,
671 3055 745 3139 quei
767 3055 801 3118 in
823 3076 860 3119 ea
881 3054 1009 3119 decuria
1031 3074 1145 3138 praeco
1163 3057 1325 3137 appareat,

154 3179 251 3243 quam
274 3162 287 3235 ΙΙ
311 3157 470 3222 decuriam
499 3179 690 3242 praeconum
719 3180 759 3223 ex
789 3159 898 3225 noneis
927 3158 1155 3224 Decembribus
1184 3157 1305 3223 tertieis
1320 3155 1377 3245 Ι30.

152 3261 375 3347 quaestoribus
399 3261 440 3326 ad
462 3263 619 3327 aerarium
641 3285 793 3347 apparere
815 3268 941 3349 oportet
964 3263 1134 3349 oportebit.
1164 3265 1170 3346 Ι
1197 3263 1326 3348 Eosque

152 3367 291 3432 viatores
317 3388 432 3450 eosque
454 3388 623 3451 praecones
647 3367 776 3450 omneis,
800 3391 879 3454 quos
904 3391 940 3435 eo
960 3371 965 3452 Ι
985 3369 1095 3434 ordine
1109 3367 1223 3453 dignos
1239 3368 1325 3432 arbi·

150 3473 335 3551 trabuntur,
358 3469 501 3556 legunto.
548 3471 650 3548 Quam
672 3474 706 3538 in
722 3474 879 3558 quisquell
892 3474 1050 3540 decuriam
1072 3473 1119 3539 ita
1134 3473 1238 3538 viator
1260 3471 1377 3540 leo-35.

150 3579 202 3640 tus
227 3576 300 3656 erit,
323 3575 407 3640 isin
431 3599 468 3642 ea
489 3578 616 3643 decuria
639 3578 744 3644 viator
763 3578 768 3664 Ι
788 3583 856 3644 esto
878 3580 955 3645 item
978 3580 1044 3645 utei
1060 3578 1173 3644 ceterei
1189 3579 1255 3642 eius
1270 3578 1325 3642 de·

151 3680 257 3746 curiae
280 3679 418 3747 viatores
441 3685 544 3747 erunt.
564 3684 569 3763 Ι
590 3683 755 3769 Quamque
777 3685 811 3749 in
828 3686 961 3770 quisque
976 3686 1136 3751 decuriam
1150 3685 1197 3749 ita
1211 3705 1324 3768 praeco

149 3786 249 3852 lectus
285 3787 362 3864 erit,
390 3787 396 3868 Ι
416 3787 444 3853 is
466 3787 500 3851 in
522 3790 708 3854 eadecuria
739 3813 852 3875 praeco
875 3794 942 3856 esto
964 3791 1011 3854 ita
1033 3791 1099 3856 utei
1122 3789 1235 3854 oeterei
1258 3788 1324 3853 eius

151 3890 296 3958 decuriae
318 3913 487 3976 praecones
511 3897 613 3958 erunt.
659 3892 862 3981 Sirempsque
884 3895 928 3960 eis
952 3895 1127 3960 viatoribus
1143 3895 1244 3978 deque
1255 3906 1267 3978 ΙΙ
1279 3896 1324 3958 eis
1332 3903 1376 3956 40.

151 3994 328 4061 viatoribus
353 3997 540 4082 q(uaestori)
564 3999 706 4062 omnium
729 4021 835 4064 rerum
857 4000 929 4064 inus
952 3999 1065 4084 lexque
1088 4002 1165 4078 esto,
1197 3995 1322 4083 quaseil

150 4101 194 4165 sei
224 4102 253 4166 ei
287 4101 425 4165 viatores
456 4101 490 4165 iu
520 4123 589 4166 eam
616 4103 773 4169 decuriam
806 4106 840 4168 in
862 4105 966 4170 tribus
990 4105 1162 4170 viatoribus
1196 4105 1201 4187 Ι
1231 4107 1324 4168 antea

151 4345 246 4399 litteus
263 4343 423 4412 proculcant,
442 4345 490 4412 qui
505 4345 639 4398 scabendi
655 4345 749 4401 nudus
766 4347 828 4401 trade
845 4348 880 4400 ab
896 4349 946 4402 illo
963 4354 1049 4403 aetate
1067 4350 1097 4402 iu
1124 4348 1245 4402 omnebus
1264 4347 1325 4416 sere

151 4433 336 4488 Ronanorum
356 4431 458 4501 lapibus
477 4432 629 4488 observatus
647 4439 692 4488 est.
721 4433 818 4504 Capita
835 4435 865 4488 to
882 4436 933 4490 buc
950 4437 1003 4506 lepc
1021 4452 1076 4491 ooo
1094 4439 1276 4491 sommantio.
