3214 5168
300 364 363 430 338
829 363 936 419 Festus.

299 540 529 605 Extrarius
545 542 604 618 est,
620 539 676 623 qui
691 543 781 604 extra
790 540 896 604 focum
907 545 1139 605 sacramentum
1152 543 1282 626 iusque¹
1295 543 1346 610 sit.
1371 546 1410 609 P.
1425 550 1475 610 78.

1579 401 1581 476 l

1578 497 1581 632 l

299 644 481 709 Familia
504 648 597 708 antea
619 644 653 707 in
675 645 785 710 liberis
807 646 991 710 hominibus
1015 647 1187 726 dicebatur,
1211 670 1348 730 quonum
1364 650 1427 713 dux
1443 655 1475 715 et

299 751 445 834 princeps
473 749 599 834 generis
628 750 803 814 vocabatur
825 755 916 834 pater
946 756 978 815 et
1001 757 1103 817 mater
1125 753 1286 832 familiae;
1319 756 1403 820 unde
1426 757 1476 820 fa·
1579 749 1581 810 ἶ

301 855 389 919 milia
411 854 569 919 nobilium
591 854 832 939 Pompiliorum,
855 854 1068 938 Valeriorum,
1092 857 1321 924 Corneliorum.
1358 862 1403 925 nt
1418 861 1476 925 fa-

299 960 498 1025 miliares
521 983 559 1025 ex
582 959 690 1024 eadem
713 959 846 1024 familia.
892 959 1008 1026 Postea
1030 962 1091 1026 hoc
1106 963 1234 1028 nomine
1248 965 1345 1028 etiam
1362 965 1477 1030 famuli
1580 979 1581 1068 )

301 1065 456 1150 appellari
479 1068 659 1150 coeperunt.
706 1064 745 1130 P.
769 1070 822 1130 86.

299 1168 467 1234 Famuli
497 1170 588 1255 origo
622 1171 663 1235 ab
686 1167 776 1234 Oscis
802 1169 985 1254 dependet2,
1016 1172 1100 1256 apud
1123 1196 1202 1257 quos
1225 1197 1334 1240 servus
1359 1175 1476 1242 ‘famel'

302 1275 555 1355 nominabatur³,
578 1275 662 1340 unde
683 1278 716 1340 et
729 1275 853 1341 familia
869 1282 990 1342 vocata.
1011 1317 1055 1326 -
1070 1279 1286 1344 Famuletium
1301 1281 1476 1361 dicebatur,
1580 1297 1581 1342 3

304 1381 389 1465 quod
411 1402 495 1444 nunc
517 1381 690 1446 servitium.
738 1381 777 1444 P.
801 1386 854 1446 87.

304 1486 509 1566 Farreum,
531 1507 632 1570 genus
654 1485 714 1550 libi
737 1509 775 1550 ex
797 1487 882 1552 farre
903 1487 1035 1553 factum.
1082 1491 1121 1554 P.
1145 1489 1215 1554 88.⁴

302 1591 454 1656 Fastis
476 1591 586 1656 diebus
609 1591 762 1655 iucunda⁶
784 1592 846 1656 fari
871 1592 995 1673 licebat,
1018 1594 1150 1660 nefastis
1174 1597 1328 1679 quaedam
1351 1619 1416 1661 non
1434 1597 1474 1661 li·

304 1697 396 1760 cebat
418 1696 489 1760 fari.
537 1695 576 1759 P.
601 1696 671 1761 93.⁶

305 1799 530 1865 Fastorum
553 1801 628 1864 libri
650 1800 862 1884 appellantur,
885 1803 1053 1888 inquibus
1076 1807 1176 1870 totius
1191 1806 1267 1872 anni
1282 1806 1321 1871 fit
1336 1807 1476 1892 descrip-

303 1904 378 1970 tiol.
423 1904 513 1970 Fasti
536 1906 619 1971 enim
643 1905 708 1970 dies
730 1906 804 1971 festi
828 1912 912 1973 sunt.
959 1909 996 1974 P.
1021 1914 1071 1974 87.

302 2010 441 2077 Fenus
465 2014 507 2075 et
529 2010 803 2077 feneratores
827 2017 859 2078 et
873 2012 924 2078 lex
940 2015 978 2078 de
994 2015 1114 2084 credita
1129 2016 1264 2099 pecunia
1285 2016 1475 2082 fenebris

306 2140 325 2182 a
346 2117 415 2182 fetu
438 2117 532 2196 dicta,
556 2117 640 2201 quod
663 2118 774 2182 crediti
796 2119 918 2183 nummi
942 2119 1021 2183 alios
1044 2120 1181 2202 pariant.
1228 2122 1267 2186 P.
1291 2126 1342 2186 86.

303 2220 530 2287 Feretrius
553 2220 698 2306 Iuppiter
721 2221 823 2287 dictus
846 2246 865 2287 a
888 2223 1029 2303 ferendo,
1054 2226 1137 2309 quod
1159 2248 1269 2309 pacem
1285 2227 1368 2292 ferre
1383 2232 1478 2311 puta·

305 2330 412 2403 retur;
435 2349 473 2390 ex
497 2326 587 2392 cuius
610 2326 730 2411 templo
752 2328 920 2392 sumebant
942 2333 1112 2413 sceptrum,
1135 2353 1191 2415 per
1214 2332 1299 2415 quod
1323 2333 1476 2412 iurarent,

302 2435 334 2496 et
355 2432 493 2515 lapidem
516 2430 646 2510 silicem,
671 2453 734 2515 qno
756 2431 866 2496 foedus
890 2433 1030 2500 ferirent.
1065 2436 1103 2500 P.
1129 2443 1181 2502 92.
1206 2436 1273 2520 (Cf.
1296 2437 1474 2523 Lapidem.)

303 2535 450 2602 Ferias
473 2538 599 2622 antiqui
621 2535 732 2602 fesias⁸
756 2538 931 2618 vocabant3
956 2545 988 2605 et
1011 2541 1091 2606 aliae
1115 2546 1206 2605 erant
1227 2542 1295 2607 sine
1318 2543 1368 2608 die
1384 2544 1476 2623 festo,

303 2647 341 2706 ut
363 2643 533 2722 nundinae,
557 2642 638 2706 aliae
660 2664 731 2706 cum
756 2642 846 2722 festo,
870 2648 907 2707 ut
930 2643 1122 2711 Saturnalia.
1169 2647 1206 2711 P.
1231 2652 1282 2712 86.

304 2746 495 2813 Fetiales
523 2747 708 2812 afereudo⁹
734 2748 827 2813 dicti:
862 2750 946 2833 apud
969 2749 1028 2815 hos
1052 2752 1135 2816 euim
1158 2751 1234 2816 belli
1257 2754 1408 2838 pacisque
1429 2753 1479 2817 fa-

305 2853 433 2918 ciendae
455 2854 504 2917 ius
527 2855 584 2917 est.
630 2852 779 2919 P.911⁰.

305 2957 546 3022 Flaminius
575 2957 773 3022 camillus
804 2980 883 3041 puer
906 2959 1070 3024 dicebatur
1092 2958 1249 3044 ingenuus
1272 2947 1425 3046 patrimes
1448 2967 1480 3026 et

306 3064 479 3144 matrimes
504 3063 559 3147 qui
581 3063 704 3128 flamini
727 3063 814 3128 Diali
837 3065 877 3128 ad
901 3063 1055 3129 sacrificia
1070 3066 1370 3146 praeministrabat:
1391 3067 1477 3131 auti-

306 3169 362 3254 qui
385 3169 469 3234 enim
492 3169 656 3234 ministros
678 3169 821 3235 camillos
844 3169 1000 3234 dicebant.
1047 3168 1086 3233 P.
1111 3175 1162 3236 93.

396 3397 421 3464 1)
439 3411 525 3464 usque
543 3394 584 3449 M.
603 3425 637 3434 -
656 3395 682 3466 2)
701 3394 836 3465 dependit
855 3397 924 3450 libri.
948 3425 976 3434 -
997 3395 1023 3466 3)
1043 3395 1103 3450 Lea
1121 3397 1190 3452 Osco
1207 3399 1260 3452 tab.
1278 3398 1362 3453 Boot.
1384 3401 1477 3468 (stupro

223 3481 225 3487 '
300 3487 388 3554 1246)
407 3501 430 3538 a.
442 3487 486 3538 22.
505 3514 539 3523 —
557 3483 583 3552 4)
603 3483 676 3538 Plio.
688 3484 751 3538 ba.
763 3487 879 3552 18,3,10.·
896 3484 926 3537 in
945 3483 1029 3537 sacris
1051 3484 1122 3538 nihil
1142 3485 1298 3554 religiosius
1322 3487 1478 3542 confarrea-

309 3571 394 3628 tionis
413 3571 525 3627 vinculo
543 3573 613 3635 erat,
632 3587 774 3640 novaeque
792 3573 899 3642 nuptae
910 3570 1034 3626 farreum
1045 3571 1250 3641 praeferebant.
1272 3574 1313 3642 Of.
1323 3574 1385 3628 Gai.
1399 3578 1477 3642 1,112.

308 3691 337 3697 -
360 3661 387 3727 5)
405 3658 525 3714 iocunda
545 3658 614 3722 labri,
633 3657 752 3712 inridica
770 3659 850 3728 Aac,
869 3658 912 3714 ius
931 3659 1003 3714 dccl.
1020 3690 1054 3698 -
1073 3660 1100 3729 6)
1118 3660 1159 3730 Of.
1184 3660 1279 3728 Varro,
1298 3662 1316 3714 l.
1330 3662 1348 3720 l.
1366 3665 1478 3730 6,29.30.

306 3778 340 3786 -
359 3749 386 3816 7)
405 3745 493 3800 Maca
506 3751 556 3800 sot.
569 3749 666 3814 1,15,9.·
687 3745 787 3800 Priscis
804 3777 838 3785 -
851 3746 1031 3816 temporibus,
1053 3749 1205 3817 antequam
1223 3749 1291 3802 fasti
1311 3767 1329 3804 a
1347 3749 1395 3804 Gn.
1417 3749 1478 3803 Fla-

306 3834 352 3889 vio
375 3834 467 3888 scriba
490 3833 589 3887 invitis
612 3833 741 3902 patribus
768 3833 798 3886 in
822 3833 946 3889 omnium
974 3833 1107 3889 notitiam
1129 3836 1326 3904 proderentur,
1354 3836 1480 3906 pontifici
1580 3873 1581 3876 κ

306 3921 408 3977 minori
432 3922 502 3976 haec
519 3921 664 3990 provincia
688 3921 887 3990 delegabatur,
915 3924 948 3974 ut
966 3939 1055 3977 novae
1074 3922 1158 3977 lunae
1176 3923 1298 3992 primum
1319 3923 1480 3979 observaret

308 4010 470 4082 adspectum
489 4008 633 4078 visamque
659 4008 720 4077 regi
738 4007 892 4064 sacrificulo
910 4008 1065 4074 nuntiaret,
1083 4009 1188 4079 itaque,
1207 4011 1341 4067 sacrificio
1361 4011 1479 4066 —cele

304 4096 396 4162 brato,
417 4096 492 4152 idem
512 4096 640 4165 pontifex
658 4097 761 4161 calata,
781 4097 809 4150 id
828 4099 870 4151 est
888 4099 995 4160 vocata,
1014 4097 1044 4151 in
1057 4097 1228 4167 Capitolium
1247 4099 1338 4169 plebe,
1357 4131 1393 4140 -
1412 4101 1479 4168 quot

308 4202 423 4240 numero
446 4185 504 4239 dies
523 4203 539 4239 a
557 4185 686 4241 kalendis
705 4187 741 4240 ad
761 4202 849 4242 nonas
867 4187 1048 4255 superessent,
1067 4185 1280 4256 pronuntiabat.
1299 4217 1335 4226 -
1353 4189 1476 4242 Verbum

308 4277 403 4328 autem
421 4277 498 4327 καλῶ
516 4290 647 4342 graecum
666 4276 715 4338 est,
742 4274 770 4327 id
789 4278 831 4328 est
850 4290 924 4337 voco,
943 4275 972 4328 et
991 4273 1065 4328 huuc
1082 4274 1164 4336 diem,
1192 4275 1292 4342 quiex
1311 4274 1478 4337 hisdiebus,

308 4361 355 4430 qui
375 4362 546 4424 calarentur,
575 4361 681 4431 primus
700 4365 778 4426 esset,
804 4360 911 4430 placuit
929 4360 1064 4415 kalendas
1083 4362 1184 4417 vocari.
1204 4391 1238 4400 -
1256 4361 1282 4432 8)
1302 4362 1390 4416 festas
1409 4363 1478 4428 libra,

306 4449 403 4504 quoad.
423 4447 494 4503 Mae.
515 4479 548 4488 —-
569 4451 595 4519 9)
614 4450 652 4502 sic
671 4450 741 4504 libri.
759 4479 794 4487 —
815 4447 858 4520 10)
879 4447 987 4502 Nonius
1005 4465 1028 4502 o.
1049 4448 1172 4504 Fetialis.
1208 4449 1302 4516 Verre,
1322 4449 1339 4502 l.
1359 4451 1376 4504 l.
1396 4453 1462 4522 526.
