3190 5148
283 365 347 430 380
623 359 722 427 Varro,
742 359 777 415 de
794 357 895 429 lingua
912 358 1024 424 Latina,
1043 359 1062 417 l.
1083 358 1116 414 V.

283 543 469 605 mentum
501 560 641 604 asacro.
686 537 764 615 Qui²
788 539 917 623 petebat
951 541 984 602 et
1007 537 1063 620 qui
1085 536 1296 619 infitiabatur,
1327 539 1366 602 do
1390 537 1459 602 aliis

284 647 378 710 rebus
401 649 535 730 uterque
558 645 734 730 quingenos
758 645 839 711 acris
862 645 901 709 ad
923 641 1069 729 pontem²
1093 644 1304 728 deponebant,
1327 644 1366 708 de
1389 643 1460 708 aliis

283 751 378 816 rebus
401 751 478 816 item
501 755 587 816 certo
610 751 673 816 alio
696 751 840 836 legitimo
863 747 1012 815 numero³
1036 773 1162 828 assum;
1193 750 1249 834 qui
1271 749 1388 814 iudicio
1412 749 1460 813 vi-

283 859 380 936 cerat,
412 879 505 921 suum
528 861 762 922 sacramentum
785 879 802 920 e
825 878 914 921 sacro
938 855 1112 935 auferebat,
1136 854 1214 920 victi
1237 855 1276 919 ad
1300 855 1459 920 aerarium

284 961 418 1026 redibat.
466 962 538 1026 181.
585 961 807 1026 Tributnm
830 959 950 1024 dictum
974 982 993 1024 a
1015 959 1174 1039 tribubus,
1198 959 1282 1043 quod
1305 980 1341 1023 aa
1362 981 1459 1043 pecu-

282 1065 346 1145 nia,
378 1088 459 1150 quae
480 1066 599 1150 populo
632 1065 789 1149 imperata
812 1068 898 1144 erat,
930 1064 1078 1129 tributim
1101 1087 1121 1128 a
1143 1063 1279 1149 singulis
1300 1084 1360 1148 pro
1383 1085 1458 1148 por·

281 1170 368 1235 tione
392 1193 503 1234 census
528 1169 742 1256 exigebatur⁴.
791 1169 841 1234 Ab
863 1170 924 1235 hoc
947 1193 992 1251 ea,
1017 1191 1098 1256 quae
1113 1169 1283 1255 adsignata
1299 1171 1377 1248 erat,
1400 1172 1459 1232 at·

281 1275 497 1340 tributum
525 1276 661 1353 dictum
694 1275 735 1340 ab
758 1298 794 1340 eo
817 1296 960 1360 quoque,
993 1275 1108 1361 quibus
1132 1275 1290 1340 attributa
1312 1276 1381 1338 erat
1402 1295 1458 1356 pe·

282 1380 392 1458 cunia,
424 1384 461 1444 ut
482 1380 578 1445 militi
607 1380 757 1460 reddant,
790 1379 963 1444 tribuni
994 1379 1157 1444 aerarii
1190 1378 1283 1456 dicti3
1318 1377 1350 1441 id
1374 1376 1459 1461 quod

286 1485 479 1550 attributum
502 1490 579 1562 erat,
606 1509 673 1551 aes
695 1486 898 1552 militare.
945 1485 1015 1550 Hoc
1037 1489 1094 1564 est,
1119 1484 1203 1568 quod
1226 1483 1272 1548 ait
1286 1479 1458 1546 Plautus¹⁵=

286 1588 387 1654 ‘Cedit
409 1591 508 1671 miles,
539 1613 590 1656 aes
612 1592 716 1676 petit';
749 1596 780 1656 et
805 1591 880 1656 hinc
904 1592 1052 1656 dicuntur
1074 1589 1192 1655 milites
1215 1587 1393 1667 aerarii,
1418 1587 1457 1650 ab

286 1717 366 1774 aere,
391 1697 475 1778 quod
499 1696 656 1781 stipendia
671 1696 837 1762 facerentl.
885 1697 957 1761 182.
980 1696 1051 1761 Hoc
1066 1697 1171 1780 ipsum
1194 1692 1458 1777 stipendium

284 1823 303 1863 a
327 1800 409 1883 stipe
432 1800 552 1864 dictum
575 1803 659 1884 quod
682 1824 734 1866 aes
758 1824 883 1887 quoque
906 1802 1064 1885 stipem
1088 1800 1252 1878 dicebant;
1275 1821 1350 1862 nam
1374 1799 1458 1883 quod

191 1894 194 1906 ¹
286 1928 371 1971 asses
392 1905 507 1971 libras⁷
537 1909 643 1991 pondo
666 1912 772 1988 erant,
810 1909 866 1993 qui
888 1911 1076 1993 acceperant
1105 1907 1258 1972 maiorem
1280 1927 1457 1984 numerum,

282 2033 347 2075 non
370 2010 405 2074 in
428 2033 500 2076 arca
522 2013 694 2096 ponebant,
718 2014 772 2078 sed
795 2014 830 2078 in
845 2013 954 2098 aliqua
969 2013 1049 2079 cella
1063 2013 1237 2097 stipabant,
1260 2011 1293 2076 id
1308 2013 1357 2075 est
1372 2031 1457 2075 com-

282 2116 456 2199 ponebant,
482 2138 545 2201 quo
568 2118 674 2182 minus
697 2118 758 2182 loci
782 2122 966 2202 occuparet;
991 2118 1031 2182 ab
1055 2117 1203 2202 stipando
1225 2114 1341 2199 stipem
1357 2115 1459 2180 dicere

283 2225 463 2305 coeperunt.
509 2221 646 2307 Stips⁸
677 2222 717 2286 ab
741 2221 847 2309 στοιβή
870 2223 1006 2288 fortasse
1029 2259 1080 2288 -—.
1126 2221 1163 2286 Id
1186 2225 1327 2307 apparet,
1363 2222 1457 2304 quod,

283 2329 321 2389 ut
343 2329 413 2390 tum
435 2327 637 2409 institutum,
669 2329 765 2393 etiam
794 2350 879 2393 nunc
901 2329 961 2394 diis
985 2351 1056 2394 cum
1078 2326 1236 2392 thesauris
1260 2349 1344 2391 asses
1368 2327 1455 2406 dant,

285 2431 401 2515 stipem
424 2433 544 2513 dicunt,
568 2438 599 2498 et
623 2433 678 2518 qui
700 2435 866 2518 pecuniam
889 2435 1013 2521 alligat,
1046 2433 1256 2520 stipulari
1278 2438 1310 2498 et
1333 2433 1457 2498 resti-

281 2535 431 2620 pulari.
480 2535 613 2602 Militis⁹
636 2538 794 2623 stipendia
816 2540 897 2620 ideo,
922 2540 1005 2622 qnod
1029 2561 1098 2604 eam
1121 2539 1235 2623 stipem
1257 2538 1455 2622 pendebant3

283 2640 323 2705 ab
358 2663 394 2706 eo
426 2641 523 2706 etiam
545 2641 669 2707 Ennius
699 2645 829 2710 scribit:
863 2645 972 2711 ‘Poeni
995 2645 1152 2730 stipendia
1174 2644 1336 2728 pendunt’.
1384 2643 1456 2708 183.

287 2746 339 2812 Ab
362 2748 471 2813 eodem
494 2771 565 2814 aere
587 2750 750 2834 pendendo
774 2751 1069 2836 dispensator,
1092 2754 1130 2815 et.
1146 2750 1179 2814 in
1202 2747 1322 2814 tabulis
1345 2747 1456 2813 scribi-

283 2874 354 2916 mus
388 2875 625 2937 expeusum.
659 2894 698 2902 -—
733 2855 794 2921 Per
825 2857 981 2922 trutinam
1013 2856 1093 2921 solvi
1124 2854 1253 2920 solitum
1285 2854 1455 2939 vestigium

284 2959 414 3024 etiam¹⁰
437 2984 522 3026 nunc
544 2967 652 3028 manet
674 2963 708 3027 in
731 2964 806 3030 aede
824 2963 965 3044 Saturni,
980 2964 1074 3049 ¹quod
1100 2984 1136 3028 ea
1152 2961 1248 3026 etiam
1262 2980 1347 3023 nnnc
1361 2981 1456 3044 prop·

283 3067 332 3128 ter
354 3087 524 3149 pensuram
547 3068 703 3134 trutinam
725 3070 822 3136 habet
844 3070 992 3155 positam.

801 3257 884 3313 Liber
903 3257 949 3312 VI.

369 3378 399 3442 5.
436 3377 637 3465 Suprema
660 3404 819 3446 summum
842 3381 919 3460 diei3
943 3382 974 3445 id
999 3382 1039 3447 ab
1062 3380 1248 3465 superrimo.
1287 3380 1357 3444 Hoc
1373 3385 1454 3445 tom-

282 3505 342 3567 pus
364 3482 428 3547 XII
443 3484 604 3549 tabulae11
620 3484 730 3550 dicunt
746 3508 889 3551 occasum
905 3509 971 3552 esse
983 3487 1075 3565 solis3
1100 3487 1154 3551 sed
1169 3489 1280 3571 postea
1294 3485 1346 3550 lex
1363 3485 1454 3552 Plae-

284 3587 400 3653 toria¹²
430 3590 464 3653 id
486 3613 611 3675 quoque
633 3595 759 3676 tempus
783 3615 849 3657 esse
871 3592 959 3657 iubet
982 3614 1179 3676 supremum,
1211 3614 1273 3676 qno
1295 3590 1455 3676 praetor¹³

282 3695 316 3757 in
339 3696 467 3760 comitio
490 3718 670 3781 supremam
693 3698 914 3782 pronuntiavit
935 3698 1064 3782 populo.

376 3921 401 3990 1)
419 3919 481 3989 quis
498 3921 532 3976 F.
558 3953 592 3960 -
611 3921 639 3989 2)
657 3921 816 3990 pontificem
834 3923 1011 3992 Aspostiaas.
1030 3953 1064 3962 -
1084 3920 1111 3993 3)
1130 3924 1237 3977 certum
1256 3921 1344 3976 alium
1362 3922 1455 3991 legiti-

285 4027 361 4062 mum
381 4025 527 4062 numerum
546 4007 580 4063 L.
600 4007 720 4079 Spcapel.
748 4041 782 4049 —
799 4011 827 4079 4)
845 4011 1028 4080 exigebantur
1047 4011 1081 4064 F.
1100 4042 1134 4050 —
1153 4011 1179 4080 5)
1198 4011 1292 4064 Aulai.
1310 4013 1404 4079 3,5,52.
1426 4040 1451 4048 -

283 4100 309 4166 11)
333 4097 374 4166 Of.
394 4096 455 4150 aar.
474 4099 544 4164 427.
572 4127 606 4136 -
631 4100 658 4166 7)
676 4098 790 4154 librales
809 4099 933 4154 Mueller.
958 4129 992 4138 -
1010 4098 1038 4168 8)
1057 4098 1132 4168 stipa
1149 4097 1183 4152 F.
1202 4127 1236 4136 -
1255 4098 1281 4168 9)
1299 4097 1405 4153 milites
1423 4097 1455 4153 F.

283 4215 316 4224 —
346 4185 388 4255 10)
414 4183 472 4237 iam
490 4183 524 4237 F.
554 4216 583 4224 υ
614 4185 657 4256 11)
677 4203 700 4240 o.
720 4204 803 4257 supra
817 4205 847 4256 p.
866 4191 900 4240 18
917 4187 970 4242 tob.
989 4192 1037 4256 1,9.
1058 4219 1090 4227 —
1112 4187 1154 4256 12)
1174 4185 1318 4256 praetoria
1342 4185 1377 4240 F.
1413 4187 1455 4241 De

283 4272 337 4342 leuc
364 4272 503 4326 Paeonas
529 4273 588 4326 uide
614 4290 698 4343 supro
720 4293 750 4344 p.
769 4279 837 4344 43,1.
875 4275 917 4344 Cf.
937 4276 1011 4332 Plio.
1030 4277 1054 4331 b.
1069 4293 1095 4330 a.
1116 4279 1252 4343 7,60,212.·
1279 4273 1332 4327 XII
1351 4275 1456 4328 tabulis

284 4361 363 4413 ortus
381 4361 495 4413 tantum
514 4362 542 4414 et
561 4377 671 4416 occasus
690 4363 886 4427 nominantur3
908 4365 972 4433 post
990 4363 1099 4433 aliquot
1118 4379 1205 4419 annos
1225 4361 1350 4415 adiectus
1367 4363 1411 4416 est
1428 4364 1456 4416 et

284 4445 420 4510 meridies,
441 4463 555 4504 accenso
572 4449 717 4504 consulum
736 4449 765 4503 id
784 4451 993 4520 pronuntiante,
1013 4468 1074 4504 cum
1093 4467 1111 4505 a
1128 4451 1206 4504 curia
1223 4449 1301 4502 intra
1319 4451 1412 4505 rostra
1428 4451 1455 4504 et
