3184 5156
555 420 641 490 teges
660 419 711 474 XII
730 418 901 472 tabularum.
1267 418 1309 482 23

132 655 174 667 -
195 641 221 684 c.
251 617 416 700 Ulpianus
437 616 481 682 ad
495 615 649 680 Saliuunt
664 611 720 697 (D.
736 609 890 692 27‚10‚1):
913 609 997 695 Lege
1012 609 1075 676 XII
1093 611 1159 676 tab.
1175 612 1309 699 prodigo

132 723 337 788 interdicitur
351 722 508 787 bonorum
523 741 652 784 suorum
666 715 910 782 administratio.
948 714 1105 798 Ulpianus
1121 717 1182 800 (fr.
1200 717 1308 800 12,2):

132 828 194 894 Lex
215 826 281 894 XII
307 828 374 893 tab.
398 863 443 874 -
461 825 641 911 prodigum,
665 822 716 887 cui
738 821 830 886 bonis
853 820 1056 886 interdictum
1079 825 1138 900 est,
1160 822 1194 886 iu
1217 845 1307 888 cura·

133 932 218 998 tione
240 933 337 998 iubet
360 954 426 998 esse
448 933 648 1016 agnatorum.

216 1039 246 1102 8.
305 1035 462 1120 Ulpianus
485 1033 544 1121 (fr.
568 1030 676 1118 29,1):
705 1031 790 1098 Giris
812 1029 948 1094 Romani
970 1030 1078 1096 liberti
1100 1032 1308 1098 hereditatem

135 1141 184 1208 lex
198 1141 264 1207 XII
281 1141 349 1206 tab.
374 1146 509 1225 patrono
532 1139 643 1217 defert,
666 1137 693 1202 si
708 1137 860 1202 intestato
884 1135 951 1201 sine
967 1158 1024 1200 suo
1045 1135 1159 1203 herede
1175 1139 1307 1204 libertus

132 1244 311 1312 decesserit.
363 1244 433 1327 un.
457 1244 500 1309 ad
530 1243 574 1309 ed.
607 1240 898 1325 (D‚50‚16,195‚1):
931 1239 1010 1306 Cum
1041 1241 1079 1306 de
1110 1246 1245 1327 patrono
1276 1249 1308 1309 et

133 1350 247 1416 liberto
272 1350 418 1435 loquitur
439 1350 500 1429 lex,
523 1371 558 1413 rx
581 1369 616 1412 m
638 1369 764 1427 runnu,
786 1347 901 1431 inquit,
924 1369 954 1411 ru
975 1370 1034 1412 atu
1055 1370 1205 1415 stantun.

216 1457 249 1520 9.
301 1455 486 1520 Gordianus
495 1451 543 1535 (U.
555 1453 692 1534 3‚36,6):
714 1451 774 1531 na,
797 1453 933 1537 quaein
957 1453 1138 1518 nominibus
1160 1458 1247 1534 sunt,
1263 1493 1306 1502 —

133 1558 200 1643 ipso
221 1559 296 1624 iure
318 1559 352 1623 in
374 1559 535 1644 portiones
557 1556 764 1622 hereditarias
787 1579 825 1622 ex
849 1559 919 1645 lege
936 1558 1000 1624 XII
1015 1560 1079 1625 tab.
1105 1558 1206 1624 divisa
1221 1563 1304 1627 sunt.

135 1661 265 1730 Dioclet.
292 1661 340 1748 (U.
353 1664 494 1748 2‚3‚26):
521 1686 560 1728 ex
582 1663 652 1747 lege
674 1659 737 1726 XII
748 1661 813 1725 tab.
845 1684 896 1727 aes
921 1664 1059 1728 alienum
1081 1662 1306 1729 hereditarium

138 1790 194 1852 pro
217 1769 421 1853 portionibus
445 1768 595 1853 quaesitis
618 1767 752 1853 singulis
774 1767 844 1852 ipso
865 1769 934 1834 iure
956 1770 1102 1835 divisum.

225 1874 278 1938 10.
327 1872 431 1938 Gaius
452 1873 495 1938 ad
516 1872 560 1938 al.
579 1871 773 1953 provinciale
795 1871 852 1956 (D.
876 1880 982 1954 10,2,1
1001 1877 1085 1960 pr.):
1115 1875 1202 1941 Haec
1224 1877 1307 1941 ectio

139 1977 295 2059 (familiae
319 1977 531 2061 erciscundae)
554 1976 766 2060 proficiscItur
788 1999 805 2042 e
827 1977 897 2063 lege
920 1975 983 2044 XII
1008 1981 1202 2046 tabularum.

590 2148 765 2217 TABULA
788 2148 846 2217 VI.

219 2295 249 2361 1.
296 2293 364 2359 CUM
385 2315 482 2358 NEXUM
504 2315 602 2356 FACIE'I'
624 2314 858 2371 nucrrlunttun,
891 2315 940 2358 UTI
970 2317 1074 2358 trusus
1105 2317 1305 2373 unicornui,

132 2422 179 2464 ῙΤΔ
201 2424 251 2467 IUS
274 2423 350 2466 XS'IO.

133 2582 158 2628 in
176 2583 229 2629 XII
248 2587 297 2629 ort:
316 2577 413 2628 ‘ast—
426 2575 501 2628 escit'.
531 2570 573 2638 Of.
587 2570 658 2626 Fert.
678 2579 731 2624 Ast.
748 2599 784 2610 -
804 2570 881 2625 Haec
898 2573 977 2626 uerba
989 2573 1080 2641 priori
1090 2573 1142 2641 lapi
1150 2579 1211 2640 post
1221 2589 1308 2630 nocem

132 2670 191 2716 erait
213 2663 328 2717 inseruit
354 2661 414 2716 Scir.
434 2663 499 2727 109;
519 2664 549 2713 at
572 2667 673 2712 custode
695 2659 756 2726 fieri
780 2675 835 2712 non
849 2661 941 2728 potuit
966 2666 997 2715 ut
1014 2667 1174 2730 wnatcmm
1188 2669 1307 2731 potestas

134 2751 329 2819 excluderetur,
347 2751 404 2804 ursi
419 2749 551 2804 custodm
569 2749 706 2817 intellepus
723 2754 771 2802 aut
784 2755 890 2817 patrem
907 2756 956 2804 aut
973 2755 1095 2818 tutoruu,
1113 2751 1185 2819 qnod
1200 2751 1308 2806 aurini

135 2854 189 2892 non
204 2844 306 2908 potest;
323 2838 361 2892 ad
378 2839 460 2891 alian
478 2838 561 2906 ipitun
580 2853 635 2890 ran
651 2842 767 2905 spectent
785 2837 849 2891 liare
866 2838 946 2892 nerlu
963 2855 1064 2894 ricensa
1081 2847 1126 2908 cst,
1140 2841 1259 2909 furasse
1270 2841 1307 2894 ad

133 2925 230 2981 delicta
242 2927 354 2995 sruiosi.
385 2927 481 2996 [Gutus
492 2933 576 2979 furiosi
594 2941 642 2978 cur
654 2940 709 2978 nan
716 2925 803 2993 possit
813 2927 901 2994 acupi
908 2928 1071 2981 nuntiatica
1082 2927 1114 2980 dc
1122 2933 1200 2996 patre
1209 2934 1305 2983 tutore-

132 3029 181 3080 que
194 3030 249 3082 pra
260 3030 290 3067 rc
302 3014 457 3080 coniuncta,
476 3028 530 3066 nou
537 3012 707 3080 perspicitur,
720 3027 803 3080 neque
814 3014 1020 3082 mauruntum
1028 3012 1183 3069 Schoellius.
1203 3023 1248 3068 nu.
1259 3017 1303 3086 ru]

203 3123 225 3155 o.
251 3101 277 3155 J.
291 3105 389 3170 1‚23‚3:
418 3109 511 3155 Furiosi
529 3121 624 3169 quoque
643 3112 668 3153 et
686 3108 780 3168 prodigi
797 3130 833 3140 -
850 3108 875 3154 in
893 3110 1017 3155 curatione
1035 3114 1092 3155 sunt
1109 3118 1254 3167 agnatorum
1273 3126 1303 3158 ex

131 3197 186 3254 lege
206 3196 256 3242 XII
269 3196 320 3242 tab.
360 3187 401 3256 Cf.
420 3188 458 3242 D.
470 3191 598 3255 27,10‚13.
617 3217 651 3226 -α
669 3186 816 3242 Sctoellius
830 3190 975 3260 proalipuu
991 3192 1102 3258 unittit,·
1120 3208 1239 3260 capresu
1256 3210 1305 3246 au-

132 3281 182 3330 tem
202 3275 235 3330 dc
252 3293 282 3330 co
300 3283 408 3331 cautum
424 3277 514 3343 inissa
534 3275 587 3329 loci
603 3275 657 3329 citt.
676 3281 766 3343 aparte
783 3275 911 3331 indicant.

205 3373 228 3418 8.
256 3363 317 3419 Gai.
337 3365 433 3434 (3,40):
460 3371 496 3417 ita
514 3371 610 3416 demum
628 3373 668 3416 lex
686 3371 738 3416 XII
751 3371 802 3416 tab.
821 3372 853 3416 ad
871 3372 1031 3420 hereditatem
1050 3374 1131 3420 liberti
1149 3374 1253 3420 vocabat
1262 3345 1304 3436 pa·

133 3463 241 3517 tronum,
270 3461 292 3506 si
307 3461 438 3506 intestatus
467 3463 572 3506 mortuus
591 3464 655 3504 esset
674 3458 775 3505 libertus
793 3461 858 3505 nullo
877 3473 920 3506 sno
939 3460 1028 3506 herede
1046 3463 1139 3508 relicto.
1177 3455 1216 3521 Of.
1238 3454 1304 3509 Uoll.

132 3542 232 3608 16,8,2;
252 3543 303 3608 9,2.
340 3539 642 3607 Gaian1‚165=1nu.
662 3542 732 3606 1u7:
751 3548 788 3592 Ex
807 3548 892 3593 eadem
911 3550 964 3606 loge
981 3548 1031 3593 XII
1050 3549 1100 3594 tob.
1119 3549 1260 3596 libertatum
1279 3555 1305 3596 et

134 3635 286 3696 impuberum
304 3636 445 3683 litertorum
464 3637 543 3682 tutela
562 3636 593 3680 ad
608 3637 722 3696 patronos
740 3634 875 3695 llberosque
894 3650 976 3681 eorum
994 3637 1105 3696 pertinet,
1124 3651 1187 3698 quse
1206 3642 1231 3682 et
1251 3638 1304 3698 ipsa

135 3727 214 3770 tutela
233 3725 343 3782 legitima
361 3728 473 3778 vocatur,
501 3737 549 3769 non
566 3723 623 3784 quia
641 3721 782 3768 nominatim
807 3736 836 3768 ea
854 3724 908 3780 lege
927 3725 957 3768 de
976 3724 1021 3771 hae
1041 3727 1119 3771 tutela
1136 3729 1243 3781 cavetur,
1261 3727 1304 3772 sed

133 3813 192 3872 quta
213 3812 313 3873 proinde
326 3816 427 3872 accepte
439 3815 477 3857 est
489 3825 532 3872 per
545 3810 776 3870 Interpretationem,
796 3816 870 3871 atque
883 3810 903 3855 si
915 3811 995 3857 verbis
1007 3812 1068 3869 legis
1081 3812 1218 3858 introductu
1231 3818 1303 3859 esset.

205 3901 228 3946 9.
258 3891 340 3946 Prior
358 3892 431 3946 laura
448 3893 485 3946 ad
501 3893 630 3958 actioanr,
658 3892 726 3946 alter
743 3891 780 3944 ad
795 3893 929 3960 puricum
946 3893 1132 3962 oblipationen
1147 3900 1255 3961 spectu,
1274 3895 1304 3948 id

133 3980 483 4050 calumniaturum.
514 3979 553 4046 Of.
567 3979 604 4035 D.
617 3981 795 4046 10,2,25,9.13.
826 3978 853 4034 U.
868 3983 967 4048 r,16‚7,·
984 3983 1077 4048 8‚36,1.

206 4079 244 4123 1⁰.
268 4068 355 4125 Fosi:
375 4078 473 4123 Eretum
482 4077 556 4124 citum
575 4067 712 4136 (Scaliger,
732 4076 855 4136 utumque
873 4067 944 4129 libini
963 4077 990 4120 tit
1003 4076 1066 4122 inter
1083 4081 1213 4133 consortes,
1231 4081 1258 4123 ut
1277 4078 1302 4122 iu

132 4165 200 4212 libris
217 4169 300 4224 legum
320 4165 482 4211 Romanorum
499 4165 596 4222 legitur.
634 4154 701 4211 Geli.
713 4159 769 4222 1,9:
798 4165 905 4212 anticum
922 4165 1066 4210 consortium
1085 4164 1149 4225 quod
1165 4164 1302 4224 irruetque

133 4252 206 4300 verbo
224 4253 332 4298 Romano
351 4251 521 4312 appellabatur
538 4244 611 4298 ‘croto
629 4263 676 4296 non
694 4243 759 4297 oit0.’

203 4340 247 4386 v1.
269 4341 290 4385 l.
319 4331 426 4386 Uinnius
453 4330 527 4398 aprili
552 4329 674 4384 Furtum:
701 4337 847 4398 Nnnonpatn
873 4339 974 4399 peonntu
992 4342 1030 4383 est
1051 4360 1084 4368 -
1106 4338 1230 4384 nominata
1249 4330 1301 4400 (no-

133 4429 198 4475 mine
216 4419 293 4489 cod),
311 4431 385 4481 certe,
404 4426 538 4473 nominibus
557 4423 658 4486 propriis
676 4424 845 4485 pronuntiate:
864 4419 926 4471 'oum
944 4447 977 4456 -
996 4415 1065 4481 esto',
1083 4424 1108 4470 id
1121 4431 1158 4470 est
1176 4419 1223 4484 (ite
1234 4418 1302 4486 cod.)

63 4496 66 4502 ⁵
131 4516 168 4562 nti
185 4514 316 4563 nominum
333 4516 457 4562 locutusve
474 4515 528 4571 erit
546 4513 583 4560 ite
599 4512 637 4559 ius
655 4515 716 4558 esto.
752 4503 1007 4575 On.(ueor.1,57)2
1025 4516 1053 4558 ut
1070 4512 1236 4568 totumillud:
1255 4507 1300 4558 ‘uti
