3190 5148
26 4515 29 4596 l

449 377 547 444 Varro,
567 378 601 434 de
619 380 719 450 lingua
737 379 847 446 Latina,
867 380 885 436 1.
904 380 951 435 VI.
1226 385 1290 450 385

114 575 208 640 roges
222 554 249 636 ¹,
281 560 318 620 ut
348 555 477 620 comitia
507 554 610 618 edicat
639 555 677 619 de
709 555 838 634 rostris,
872 558 904 619 et
934 556 1108 640 argentarii
1142 557 1291 623 tabernas

116 661 294 726 occludunt.
340 659 450 724 Patres
473 664 622 724 censeant
644 682 817 744 exquaeras
841 665 873 725 et
896 661 1004 726 adesse
1026 662 1155 740 iubeas;
1187 664 1291 748 magi·

116 772 237 833 stratus
261 772 408 832 censeant
431 762 632 852 exquaerasl
656 765 798 830 consules
820 769 981 849 praetores
997 766 1205 851 tribunosque
1220 769 1289 851 ple·

116 875 167 937 bis
191 872 391 957 collegasque
413 871 500 936 tu0s³
525 871 558 936 10
582 871 700 955 templo
724 871 832 936 adesse
854 871 962 936 iubeas
986 872 1129 951 omnes⁴;
1162 894 1291 939 acaum

117 977 256 1056 mittas⁶‚
281 978 460 1042 contionem
484 975 642 1041 advocesl.

208 1085 260 1148 92.
305 1081 344 1146 Ιο
373 1082 482 1148 eodem
514 1080 741 1145 commentario
771 1079 1013 1163 anquisitionis⁷
1042 1081 1082 1145 ad
1113 1085 1290 1146 extremum

116 1189 272 1274 scriptum
295 1191 391 1272 caput
413 1186 507 1252 edicti
529 1186 589 1250 hoc
610 1188 675 1250 est:
700 1183 791 1250 ‘Item
816 1185 900 1268 quod
916 1187 1057 1272 attingat
1079 1186 1134 1270 qui
1157 1187 1195 1250 da
1218 1207 1290 1250 cen-

119 1292 262 1360 soribus⁸
285 1293 450 1357 classicum
472 1292 511 1356 ad
527 1290 656 1354 comitia
678 1290 856 1354 centuriata
878 1291 1075 1375 redemptum
1090 1290 1220 1370 habent,
1243 1289 1291 1354 uti

119 1403 234 1465 curent
256 1420 292 1463 eo
314 1397 381 1478 die,
414 1396 550 1482 quodie
573 1394 702 1459 comitia
725 1398 829 1475 amnt,
861 1394 895 1458 in
919 1417 989 1460 arce
1011 1396 1159 1461 classicus
1182 1394 1291 1460 canatl

118 1507 302 1589 circumque
325 1524 433 1567 muros
456 1506 487 1567 et
502 1506 576 1566 ante
590 1500 708 1584 privati
730 1499 860 1565 huiusce
883 1499 919 1564 T.
936 1499 1066 1577 Quincti
1088 1499 1200 1566 Roci¹⁰
1223 1521 1289 1564 000-

116 1608 215 1674 lerosi
239 1608 355 1674 ostium
377 1610 481 1686 canat,
504 1610 536 1670 et
558 1609 594 1669 ut
616 1605 649 1669 10
672 1627 783 1689 campo
806 1627 878 1670 cum
900 1607 1003 1691 primo
1025 1607 1089 1672 luci
1109 1605 1262 1672 adsiet’¹¹.

209 1715 260 1780 93.
297 1713 386 1779 Inter
416 1714 449 1778 id
477 1734 548 1777 curn
580 1711 698 1776 circum
729 1733 836 1777 muros
866 1712 1009 1778 mittitur
1038 1715 1164 1777 etcum
1186 1711 1291 1776 contio

121 1821 310 1900 advocatur,
340 1820 492 1885 interesse
513 1823 638 1904 tempus
662 1824 793 1903 apparet
820 1820 919 1885 exiis
944 1842 1024 1905 quae
1045 1820 1167 1885 interea
1189 1816 1291 1884 fieri¹²

121 1925 275 2009 scripturn
299 1927 356 1989 est.
401 1922 462 1989 Sed
485 1924 524 1987 ad
547 1922 746 1987 comitiatum
778 1927 909 1988 vocatur
931 1925 1067 2008 populus
1090 1925 1176 2006 idea,
1209 1925 1293 2009 quod

120 2030 185 2095 alia
217 2030 255 2095 de
277 2051 373 2093 causa
405 2029 458 2092 hic
480 2028 688 2113 magistratus
720 2051 784 2093 non
806 2033 912 2113 potest
941 2030 1113 2095 exercitum
1135 2031 1292 2096 urbanum

121 2157 309 2213 convocare3
342 2157 462 2216 censor,
490 2133 610 2214 consul,
641 2134 787 2213 dictator,
810 2133 950 2198 interrex
972 2139 1087 2218 potest,
1112 2135 1196 2220 quod
1218 2157 1291 2200 cen·

120 2241 205 2308 sor¹⁸
239 2241 410 2306 exercitum
434 2241 610 2305 centuriato
633 2239 802 2304 constituit
823 2240 1103 2326 quinquennalem,
1126 2263 1199 2305 curn
1221 2240 1289 2305 lus-

121 2346 243 2412 trare¹4
266 2351 298 2412 et
320 2347 354 2412 10
377 2346 487 2412 urbem
510 2345 549 2410 ad
571 2345 722 2410 vexillum
745 2345 856 2410 ducere
876 2346 986 2424 debat;
1010 2346 1145 2411 dictator
1168 2349 1200 2410 et
1215 2367 1290 2411 000-

120 2452 228 2519 00110
250 2452 394 2538 singulos
417 2473 525 2532 annos,
559 2451 643 2537 quod
665 2451 718 2516 hic
740 2451 890 2517 exercitui
913 2451 1069 2537 imperare
1090 2455 1206 2535 potest,
1230 2474 1292 2538 quo

122 2561 193 2637 eat,
224 2557 256 2622 id
280 2559 363 2643 quod
388 2561 519 2643 propter
551 2557 730 2622 centuriata
752 2557 881 2622 comitia
904 2558 1059 2643 imperare
1083 2556 1195 2622 solent.
1240 2558 1293 2622 94.

123 2661 228 2738 Quare
249 2685 313 2728 non
334 2667 382 2728 est
404 2663 545 2743 dubium,
569 2661 680 2747 (1010ιδ
703 2663 764 2727 hoo
784 2663 829 2727 in
844 2663 989 2728 licium
1011 2664 1063 2745 sit,
1087 2686 1159 2729 cum
1174 2663 1293 2728 circum

122 2790 231 2833 muros
262 2769 342 2850 itur,
378 2773 413 2833 ut
435 2767 571 2853 populus
593 2767 756 2832 inliciatur
787 2769 827 2832 ad
848 2770 1057 2854 magistratus
1080 2772 1292 2854 conspectum,

122 2874 178 2960 qui
201 2874 286 2939 viros
309 2871 454 2940 vocare¹⁶
477 2878 592 2957 potest,
624 2874 658 2938 iu
682 2897 753 2939 eum
776 2876 890 2956 locum,
917 2876 1001 2942 unde
1023 2897 1084 2941 vox
1107 2873 1290 2940 01000010-

121 3003 195 3045 nem
218 2982 361 3046 vocantis
384 2980 526 3046 exaudiri
548 2981 659 3064 possit.
684 3017 724 3027 -—

209 3086 261 3150 95.
295 3084 366 3150 Hoc
395 3107 478 3150 nunc
508 3081 600 3151 aliter
629 3086 668 3150 fit
689 3091 785 3170 atque
813 3087 905 3168 olim,
937 3089 1021 3173 quod
1044 3108 1146 3174 augur
1168 3084 1290 3150 consuli

125 3191 214 3256 adest
236 3195 306 3255 tum
329 3214 399 3256 curn
423 3191 578 3257 exercitus
601 3191 785 3276 imperatur,
809 3215 845 3257 ac
866 3193 978 3277 praeit,
1002 3192 1078 3277 quid
1101 3215 1173 3257 eum
1191 3189 1293 3255 dicere

126 3299 281 3380 oporteat.
328 3295 445 3361 Consul
468 3295 616 3382 auguri¹⁷
647 3298 802 3381 imperare
825 3299 922 3379 solet,
953 3303 989 3363 ut
1010 3296 1078 3362 in¹⁸
1101 3297 1210 3362 licium
1232 3317 1289 3360 vo-

124 3407 193 3482 cet,
223 3423 287 3467 non
311 3425 440 3468 accenso
471 3407 527 3468 aut
548 3404 705 3488 praeconi.
750 3403 787 3468 Id
810 3404 970 3488 inceptum
992 3402 1101 3481 credo,
1133 3423 1205 3466 curn
1227 3422 1292 3464 non

122 3507 246 3571 adesset
271 3529 428 3588 00000000,
452 3512 484 3572 00
499 3507 580 3572 nihil
595 3509 757 3589 intererat,
781 3510 832 3574 cui
846 3511 1034 3593 imperaret;
1058 3511 1090 3572 et
1106 3506 1182 3570 dicis
1198 3527 1293 3570 causa

123 3612 246 3696 fiebant
269 3613 433 3698 quaedam,
457 3636 559 3698 neque
581 3613 657 3679 item
680 3614 765 3680 facta
787 3637 889 3699 neque
911 3615 988 3680 item
1011 3612 1096 3677 dicta
1117 3633 1248 3696 semper.

215 3822 239 3892 1)
265 3825 369 3877 000000
388 3823 520 3893 colligam
539 3823 613 3894 rogis
631 3821 665 3877 F
690 3854 723 3864 -
748 3825 776 3894 2)
794 3825 927 3880 00000000
945 3839 1097 3892 exquaaras
1114 3821 1212 3891 Bergk,
1232 3837 1293 3874 can·

20 3961 21 3964 ,
120 3912 183 3965 seat
202 3909 283 3963 extra
301 3907 335 3963 F
355 3942 387 3952 -
405 3910 433 3981 3)
452 3911 524 3982 tuos]
543 3929 592 3966 000
605 3915 634 3966 00
654 3911 688 3965 F.
708 3941 741 3952 -
760 3913 788 3980 4)
805 3911 931 3968 homines
950 3911 984 3967 F.
1004 3941 1035 3950 —
1056 3910 1083 3979 5)
1097 3927 1130 3964 ao
1148 3926 1210 3963 cum
1228 3908 1293 3962 mit·

21 3987 22 3992 ¹
123 3997 182 4066 tas]
195 3996 315 4064 sortasse
333 3996 369 4051 ad
379 3998 514 4052 comitiae.
532 4029 567 4038 -
588 3999 614 4069 6)
635 4014 731 4053 000000
745 3999 779 4054 F.
792 4029 826 4040 -—
840 4004 865 4065 7)
879 3998 1068 4069 acquisitionis
1078 3996 1113 4050 F.
1123 4027 1156 4036 —
1166 3998 1194 4065 8)
1206 3996 1295 4050 deces-

120 4082 229 4138 soribus
249 4081 284 4136 F.
303 4114 337 4123 -
355 4085 381 4152 9)
399 4086 552 4139 cannatum
571 4083 605 4138 F.
626 4116 656 4124 -
679 4087 721 4156 10)
741 4087 832 4155 quinti
844 4086 921 4157 trogi
938 4085 973 4140 F.
992 4117 1021 4126 -
1046 4085 1092 4156 11)
1108 4084 1198 4139 adsiet
1211 4085 1240 4138 00
1258 4082 1293 4137 F.

119 4202 154 4212 -
175 4173 220 4242 12)
238 4171 357 4226 illirium
376 4175 455 4241 (corr.
474 4190 507 4228 aa
525 4173 668 4243 illicitum)
686 4176 735 4229 100.
750 4172 784 4228 F.
804 4204 837 4214 -
859 4174 904 4242 13)
924 4189 1064 4229 censorem
1082 4171 1117 4227 F.
1135 4203 1169 4211 —
1188 4171 1233 4240 14)
1251 4170 1294 4222 lu·

23 4253 26 4324 ᾗ
121 4261 227 4314 straret
245 4258 280 4312 F.
301 4291 329 4300 —
355 4263 397 4330 15)
415 4261 493 4332 quin]
513 4279 575 4316 cum
594 4261 628 4315 F.
648 4291 681 4301 -
701 4265 745 4331 16)
762 4261 856 4331 quiros
867 4261 962 4317 uocari
980 4262 1014 4315 F.
1033 4291 1067 4301 -
1087 4260 1130 4331 17)
1149 4276 1239 4329 augur
1257 4257 1292 4310 F.

24 4349 27 4414 ἶ
122 4345 315 4417 -mmF

158 4459 254 4520 anuas,
273 4459 361 4506 rona·
378 4460 446 4507 suas.
470 4462 513 4508 aa.
533 4461 564 4508 ν.
1052 4453 1085 4514 25
