3184 5156
279 378 321 444 14
545 443 547 448 ,
766 373 853 443 Ῑιθιίθῦ
870 372 973 444 regiae.

277 553 339 635 γὰρ
372 552 438 634 ἅμα
469 557 534 624 τοῖς
556 547 664 623 ἄλλοις
688 550 802 613 ἅπασιν
826 546 1006 631 ἐλευθέροις
1029 549 1085 612 καί
1107 549 1236 625 τούτους
1258 549 1453 635 τιμήσασθαι

277 659 333 730 τὰς
357 655 474 738 οὐσίας,
496 653 539 728 εἰς
561 652 662 736 ιρυλάς
684 652 856 731 κατέταξεν
879 655 993 730 αύτούς
1014 657 1072 730 τάς
1094 659 1179 720 κατὰ
1200 659 1256 741 τὴν
1277 656 1370 720 πόλιν
1384 657 1453 722 τέτ·

276 782 373 846 ταρας
404 759 622 844 ὑπαρχούσας,
645 794 687 807 -
709 761 763 822 καί
793 759 917 825 πάντων
947 761 1095 826 ἀπέδωκε
1126 769 1188 825 τῶν
1210 772 1325 828 κοινῶν
1348 764 1454 838 αὐτοῖς

277 866 428 953 μετέχειν,
451 866 494 929 ὢν
516 866 580 940 τοίς
602 861 710 938 ἄλλοις
733 863 923 949 δημοτικοῖς.

364 973 395 1037 4.
433 969 530 1035 Βίωνι.
555 967 700 1052 (4‚13):¹
722 971 795 1045 τοὺς
816 969 930 1054 νόμους
952 970 1025 1046 τούς
1047 992 1082 1036 τε
1105 969 1376 1048 συναλλακτικοὺς
1399 974 1453 1037 καί

277 1082 350 1153 τοὺς
382 1079 453 1160 περὶ
485 1083 546 1140 των
574 1073 776 1158 ἀδικημάτων
808 1074 991 1159 ἐπεκύρωσε
1020 1086 1088 1152 ταῖς
1111 1075 1279 1160 φράτραις·
1314 1078 1397 1163 ἦσαν
1419 1079 1455 1141 δὲ

277 1180 473 1267 πεντήκοντά
494 1201 556 1243 που
580 1176 715 1262 μάλιστα
736 1181 790 1243 τὸν
813 1179 959 1265 ἀριθμόν.

364 1288 396 1356 ,5.
420 1285 517 1351 Dicu.
534 1281 673 1370 (4‚25):8
702 1283 821 1358 ἐκεῖνος
844 1284 955 1350 διελων
978 1286 1041 1350 ἀπὸ
1057 1294 1119 1350 τῶν
1135 1285 1298 1352 ἰδιωτικῶν
1323 1286 1453 1374 (ἐγκλη-

278 1393 397 1480 μάτων)
420 1394 459 1455 τὰ
482 1389 625 1475 δημόσια,
650 1397 711 1454 τῶν
736 1391 791 1474 μὲν
814 1391 857 1466 εἰς
879 1393 914 1454 τὸ
937 1392 1042 1455 κοινδν
1065 1391 1224 1475 φερόντων
1247 1393 1451 1479 ἀδικημάτων

256 1513 259 1520 ’
278 1500 372 1572 αὐτὸς
406 1497 539 1560 ἐποιεῖτο
561 1496 617 1568 τάς
641 1493 840 1577 διαγνώσεις,
871 1504 933 1560 τῶν
956 1495 992 1560 δὲ
1014 1495 1176 1562 ἰδιωτικῶν
1200 1497 1323 1572 ἰδιώτας
1346 1497 1454 1576 ἔταξεν

280 1607 357 1670 είναι
380 1600 541 1683 δικαστάς,
564 1601 656 1683 ὅρους
679 1601 733 1663 καί
755 1599 890 1676 κανύνας
905 1601 1011 1675 αὐτοῖς
1025 1598 1131 1683 τάξας
1155 1601 1208 1677 οὓς
1224 1603 1318 1677 αύτδς
1334 1602 1456 1687 ἔγραψε

278 1711 402 1795 νόμους.
577 1784 580 1790 ,

365 1817 394 1880 6.
428 1813 461 1880 Sr
483 1835 634 1878 murrum
655 1836 730 1878 rum
752 1836 902 1893 murrum,
925 1837 978 1879 τοι
1000 1837 1070 1880 ουτοι
1093 1837 1254 1896 murmur,
1278 1838 1353 1881 ruuu
1374 1839 1452 1882 urus

279 1941 433 1986 rrrmruu
454 1941 541 1984 sicui
564 1918 660 1984 κεναί

539 2089 612 2160 VH.
646 2091 917 2170 TARQUINIUS
939 2093 1176 2162 SUPERBUS.

364 2233 461 2300 Dion.
485 2232 626 2319 (4‚43):⁴
650 2230 700 2318 (Ὁ
716 2232 904 2322 Ταρκύνιος)
927 2238 1000 2310 τοὺς
1016 2273 1057 2283 -
1072 2233 1186 2319 νόμους
1201 2235 1274 2310 τοὺς
1290 2233 1350 2298 ὑπὸ
1367 2233 1452 2300 Τυλ-

279 2340 349 2405 λίου
371 2337 555 2424 γραφέντας,
579 2335 657 2402 καθ’
680 2338 785 2414 οὓς-
807 2339 898 2404 οὐδὲν
921 2339 982 2404 ὑπὸ
1005 2348 1068 2404 τῶν
1090 2339 1262 2424 πατρικίων
1286 2337 1328 2414 ὡς
1343 2339 1457 2424 πρότε-

282 2468 336 2532 ρον
360 2445 551 2534 ἐβλάπτοντο
574 2445 706 2529 περὶτὰ
730 2443 916 2532 συμβόλαια,
949 2443 1069 2519 πάντας
1092 2442 1211 2508 ἀνεῖλε·
1233 2444 1288 2507 καί
1311 2443 1385 2508 οὐδὲ
1400 2447 1456 2521 τὰς

280 2551 419 2634 σανίδας,
455 2551 487 2615 ἐν
510 2552 558 2625 αίς
580 2552 662 2636 ἦσαν
685 2549 906 2636 γεγραμμένοι,
940 2547 1123 2634 κατέλιπεν,
1154 2548 1238 2613 ἀλλὰ
1260 2549 1316 2613 καί
1338 2548 1456 2625 ταύτας

278 2655 513 2741 καθαιρεθῆναι
535 2653 690 2729 κελεύσας
713 2654 752 2718 ἐκ
775 2664 831 2740 τῆς
854 2656 974 2740 ἀγοράς
998 2653 1183 2739 διέφθειρεν.

749 2872 905 2946 CAPUT
934 2872 981 2946 ΙΙ.

541 3029 707 3115 [ficis
748 3030 819 3112 ΧΙΙ
858 3029 1196 3114 ricuinum.

754 3186 979 3247 murorum

364 3323 472 3390 Livius
496 3322 590 3406 (3‚9):
621 3320 656 3386 0.
681 3320 871 3386 Terentilius
895 3318 978 3384 Arsa
1006 3318 1154 3383 tribunus
1180 3316 1282 3402 plebis
1305 3341 1341 3384 eo
1365 3341 1450 3384 anno

278 3432 322 3520 (α.
340 3451 364 3496 c.
380 3429 458 3514 292)
471 3428 543 3493 fuit.
588 3426 620 3494 Is
641 3463 686 3474 -
707 3427 845 3492 maxime
859 3425 894 3489 in
914 3423 1078 3489 consulare
1093 3421 1270 3507 imperium,
1294 3427 1450 3509 tanquam

280 3547 488 3558 ...-...---·—-

350 3589 376 3660 1)
394 3589 481 3658 (leges
500 3601 563 3638 cum
582 3583 616 3638 dc
634 3581 824 3638 conbracbibus
842 3582 904 3634 tum
923 3579 957 3635 dc
975 3577 1084 3634 deliciis
1104 3595 1153 3649 per
1171 3577 1262 3633 curius
1274 3579 1351 3645 tulii,
1370 3582 1455 3634 crant

280 3679 375 3732 cutem
402 3690 517 3729 numero
543 3671 600 3726 fere
624 3668 852 3739 quinquaginta.)
873 3699 906 3708 -
926 3666 1031 3737 2)(i110
1049 3666 1159 3721 iudiciis
1179 3667 1297 3737 publicis
1317 3666 1456 3738 separatis

279 3783 296 3820 c
314 3763 435 3835 privabis
453 3762 513 3832 ipsc
530 3759 643 3829 quidem
665 3758 699 3812 dc
717 3755 881 3810 criminibus
901 3755 937 3810 cd
950 3772 1009 3809 rem
1024 3755 1167 3825 publicam
1179 3754 1387 3826 pertinentibus
1399 3772 1458 3809 sur·

278 3851 354 3921 cepit
372 3846 574 3919 cognitionem,
595 3863 688 3900 rerum
707 3845 802 3898 cutem
819 3843 999 3913 privabarum
1016 3843 1143 3914 privatos
1164 3843 1268 3898 iudices
1286 3859 1344 3898 cure
1362 3841 1455 3909 iussit,

278 3939 379 4008 quibus
397 3953 509 3992 normas
527 3938 556 3990 ct
573 3933 685 4004 regulas
703 3931 781 4001 leges
800 3930 879 3986 dedit
898 3949 915 3986 a
934 3947 963 3985 sc
974 3929 1164 4001 conscriptus.)
1182 3961 1217 3970 —
1235 3929 1263 3997 3)
1287 3929 1352 3984 Vide
1370 3945 1457 3998 cupra

277 4027 341 4096 ch.
361 4025 438 4079 Rom.
458 4027 498 4077 13.
518 4052 552 4062 -
569 4021 598 4092 4)
616 4019 797 4090 (Tarquinius
815 4019 890 4089 leges
909 4019 1032 4074 cTullio
1045 4018 1171 4090 scriptas,
1190 4035 1240 4088 per
1251 4035 1322 4086 quus
1336 4035 1403 4082 non,
1423 4020 1457 4072 ut

278 4114 378 4176 antec,
403 4111 435 4165 in
454 4108 646 4165 cuntrucbibus
665 4125 682 4162 ο
700 4107 828 4178 patriciis
847 4107 1030 4170 vexabuntur,
1050 4122 1145 4161 omnes
1163 4104 1286 4168 sustulit,
1306 4105 1336 4158 ού
1354 4121 1389 4158 nc
1410 4105 1456 4159 ta-

278 4201 360 4256 bulas
379 4198 500 4268 quidem,
519 4197 549 4253 iu
567 4196 668 4266 quibus
686 4203 768 4251 erunt
786 4195 915 4266 scriptae,
934 4194 1057 4263 reliquit,
1076 4192 1124 4247 sed
1143 4193 1194 4246 hus
1212 4208 1322 4261 quoquc
1340 4209 1374 4247 cx
1394 4192 1457 4248 foro

277 4286 445 4342 summoveri
469 4287 569 4340 iubens
588 4283 711 4355 delevit.)
750 4284 792 4353 Of.
809 4283 892 4338 Dion.
912 4285 967 4351 5,2:
988 4282 1114 4350 (Βροῦτος
1131 4285 1178 4332 καὶ
1196 4281 1371 4347 Κολλατῖνος)
1392 4282 1456 4344 τοὺς

277 4381 374 4444 νόμους
390 4377 452 4440 τοὺς
468 4379 527 4443 περὶ
544 4380 595 4428 τῶν
613 4374 783 4441 συμβολαίων,
801 4373 862 4435 τοὺς
873 4373 923 4424 ὑπὸ
936 4371 1047 4422 Τυλλίου
1059 4371 1217 4436 γραφέντας,
1231 4395 1264 4404 -
1278 4368 1324 4431 οὓς
1337 4370 1457 4433 ἅπαντας

276 4465 406 4521 κατέλυσε
430 4465 588 4532 Ταρκύνιος,
611 4461 797 4516 ἀνενεωσαντο.
816 4486 850 4498 -
875 4459 902 4526 5)
928 4455 1031 4527 Locum
1049 4453 1119 4510 XII
1131 4453 1183 4511 tub.
1212 4451 1354 4510 historiam
1377 4469 1456 4534 αοοκ-
