3256 5154
278 353 343 422 176
721 350 842 406 Senatus
860 350 997 406 consulta.

572 527 623 592 14.
656 525 719 592 St.
744 523 1025 590 Vellocanum
1060 546 1087 590 a
1112 525 1163 592 46,

360 653 527 729 (Ulpianus
548 627 666 710 XXIX
682 651 722 710 ad
739 649 895 709 edictum:¹
916 646 1024 705 Postea
1044 645 1156 705 factum
1177 647 1223 705 est
1236 645 1298 718 SC„
1321 648 1457 706 —cuius

282 747 350 808 soti
371 749 461 812 verba
480 749 550 807 haec
571 745 670 824 suntz)

364 845 456 922 Quod
476 845 522 912 M.
545 845 672 912 Silanus
693 847 726 908 et
749 843 877 908 Velleus
906 842 1008 907 'lutor
1030 839 1110 909 cos.2
1132 841 1230 906 verba
1251 841 1395 906 fecerunt
1417 843 1456 906 de

280 951 532 1037 obligationibus
555 949 763 1028 feminarum,
798 970 879 1032 quae
901 970 959 1032 pro
984 947 1055 1011 aliis
1078 969 1150 1012 reae
1171 945 1294 1027 fierent,
1318 947 1395 1031 quid
1418 948 1456 1011 de
1525 1007 1528 1011 .

278 1079 315 1121 ea
338 1079 371 1122 rc
393 1056 463 1121 fieri
490 1057 626 1141 oportet,

369 1163 407 1227 de
430 1184 467 1227 ea
489 1183 523 1226 re
545 1161 592 1225 ita
614 1181 778 1224 censuere:
806 1158 890 1243 quod
919 1157 958 1221 ad
980 1157 1197 1222 fideiussionss
1221 1160 1253 1222 et
1274 1158 1377 1222 mutui
1398 1159 1455 1223 da·

282 1266 385 1331 tiones
407 1289 467 1351 pro
490 1266 571 1346 aliis,
597 1265 712 1350 quibus
726 1263 962 1329 intercesserint
977 1262 1123 1342 feminac,
1145 1262 1303 1346 pertinet:
1327 1264 1456 1328 tametsi

282 1374 356 1436 ante
378 1371 503 1437 videtur
518 1372 565 1436 ita
580 1371 629 1435 ius
646 1370 765 1436 dictum
781 1392 858 1450 csse,
881 1391 921 1434 ne
937 1369 1116 1434 eonomine
1132 1368 1172 1432 ab
1188 1367 1238 1433 his
1254 1368 1369 1452 petitio
1386 1366 1453 1455 [sit]

281 1500 360 1542 neve
381 1477 415 1541 in
438 1501 490 1542 eas
513 1477 595 1542 actio
620 1477 722 1556 detur,
746 1498 818 1541 cum
841 1497 893 1539 cas
916 1474 1062 1539 virilibus
1085 1473 1199 1539 officiis
1221 1472 1317 1559 fungi
1340 1475 1455 1539 eteius

282 1583 407 1668 generis
431 1582 681 1667 obligationibus
704 1581 863 1666 obstringi
885 1602 949 1645 non
965 1580 1008 1644 sit
1023 1602 1170 1664 aequum,
1195 1580 1345 1645 arbitrari
1360 1602 1453 1644 sena-

281 1691 361 1765 tum,
385 1690 469 1752 recte
484 1690 581 1771 atque
596 1685 706 1751 ordine
720 1685 871 1766 facturos,
888 1686 928 1749 ed
944 1707 1022 1769 quos
1038 1685 1077 1750 de
1091 1707 1129 1749 ea
1143 1707 1178 1749 re
1196 1684 1230 1748 in
1245 1684 1315 1750 iure
1330 1685 1454 1749 aditum

281 1791 352 1871 erit,
376 1791 403 1856 si
426 1791 569 1857 dederint
591 1814 731 1876 operam,
754 1791 847 1855 utin
870 1813 908 1855 ea
929 1813 963 1855 re
986 1793 1114 1855 senatus
1137 1789 1285 1855 voluntas
1303 1794 1454 1855 servetur.

505 1983 556 2049 15.
591 1981 655 2050 SC.
681 1980 958 2048 Ostorianum
986 1982 1075 2066 (ante
1095 2005 1124 2047 a
1148 1980 1232 2064 47)³.

359 2131 527 2208 (coasts
554 2134 572 2192 ι.
595 2131 681 2192 er
702 2132 743 2191 aa
764 2130 924 2192 sottum:
955 2130 1039 2201 soto,
1065 2129 1145 2206 quos
1166 2130 1279 2190 facium
1299 2102 1345 2191 'ss
1367 2132 1455 2192 cnu-

283 2229 378 2288 dianis
399 2228 582 2303 temporibus
607 2227 706 2286 Vellco
726 2226 806 2286 Rufo
827 2229 858 2286 ct
877 2225 991 2286 Osterio
1012 2225 1138 2302 Scapula
1157 2246 1214 2288 cos.
1238 2227 1274 2286 dc
1294 2228 1455 2305 adsignan-

279 2325 324 2383 dis
345 2325 459 2384 libertis
480 2326 510 2382 in
530 2326 601 2384 haec
621 2326 711 2384 verba
731 2326 878 2399 cavetnrz)

368 2420 418 2502 Si,
452 2422 507 2507 qui
538 2423 615 2487 duos
644 2424 789 2508 pluresve
819 2422 936 2487 liberos
965 2421 1058 2487 iustis
1090 2422 1211 2506 nuptiis
1236 2423 1396 2506 quaesitos
1419 2423 1454 2486 in

280 2530 439 2611 potestate
462 2527 604 2608 haberet,
627 2528 666 2594 de
681 2528 796 2593 liberto
819 2528 974 2592 libertate
996 2549 1053 2591 sua
1068 2527 1288 2613 significasset,
1312 2528 1401 2594 cuius
1417 2551 1456 2593 ex

281 2632 390 2697 liberis
425 2633 489 2697 suis
513 2656 584 2697 eum
606 2633 758 2698 libertum
780 2617 889 2698 samse
911 2632 1059 2697 libertam
1082 2655 1149 2697 esse
1172 2633 1285 2714 vellet,
1318 2636 1346 2700 is
1370 2658 1455 2716 eave,

282 2739 472 2823 quandoque
494 2738 531 2816 is,
556 2738 611 2821 qui
634 2760 706 2802 eum
729 2760 837 2802 eamve
858 2738 1044 2802 manumisit
1066 2738 1150 2802 inter
1172 2739 1261 2803 vivos
1286 2740 1335 2804 vel
1357 2742 1456 2804 testa·

282 2846 400 2923 mento,
423 2842 457 2906 in
478 2842 608 2907 civitate
631 2864 697 2908 esse
719 2843 860 2922 desisset,
884 2843 970 2907 solus
985 2842 1014 2907 ei
1030 2846 1183 2926 patronus
1199 2843 1306 2909 solave
1321 2848 1458 2928 patrona

353 3051 379 3122 l)
398 3052 436 3106 D.
457 3055 575 3120 16,1,2,1.
603 3083 637 3092 —
665 3051 693 3121 2)
717 3051 852 3106 Valerium
869 3051 1036 3118 Asiaticum,
1063 3052 1112 3120 qui
1128 3068 1187 3106 atra
1205 3051 1246 3107 Μ.
1266 3052 1362 3108 Silam
1379 3071 1404 3108 a.
1423 3056 1459 3108 46

281 3141 374 3196 consul
390 3140 454 3208 fuit,
473 3156 536 3194 mcc
553 3155 580 3194 se
597 3139 733 3194 abdicasse
751 3138 808 3192 Dio
827 3141 907 3201 60‚27
924 3145 1028 3194 narrat.
1059 3138 1111 3193 Oui
1126 3140 1267 3210 suffectum
1284 3158 1337 3197 esse
1350 3141 1380 3211 Q.
1393 3141 1457 3196 eut-

276 3229 379 3298 pitisso
399 3227 568 3283 Censorinum
587 3233 699 3296 apparet
716 3243 749 3280 ecc
766 3227 850 3281 edicto
864 3225 975 3280 Claudii
991 3226 1068 3294 infra
1086 3244 1143 3296 cap.
1159 3227 1221 3281 VII
1232 3229 1325 3284 relato.
1363 3229 1457 3284 Huius

282 3317 418 3371 inlocum
436 3316 489 3370 lcol.
508 3316 590 3369 Iuliis
606 3317 759 3370 mccmebse
776 3315 881 3368 oidstirr
907 3314 1028 3369 Vetissus
1056 3316 1108 3382 (ita
1125 3317 1195 3370 enim
1213 3317 1263 3371 too
1279 3333 1375 3371 nomen
1392 3319 1458 3371 scri-

281 3404 394 3458 bendum
412 3406 461 3472 cst)
480 3405 512 3472 is,
531 3421 549 3458 a
561 3419 613 3473 quo
631 3404 779 3458 deriomm
797 3409 836 3457 est
849 3403 1007 3457 vocabulum
1018 3405 1243 3458 somtscmuclti
1258 3405 1293 3459 ab
1304 3406 1459 3460 assereus

278 3496 419 3560 receptum.
438 3521 471 3532 —
497 3492 524 3561 3)
545 3490 582 3546 D.
602 3494 688 3559 38,4,r
703 3508 747 3560 pr.
779 3490 859 3561 [Oura
875 3492 906 3545 in
924 3491 1033 3558 I.3,8‚3
1050 3492 1180 3560 scribtam
1197 3493 1248 3546 sit:
1275 3491 1354 3555 soto,
1382 3492 1457 3561 quod

282 3578 445 3634 Claudianis
458 3579 631 3650 temporibus
642 3580 749 3634 factum
768 3582 811 3635 est
823 3577 911 3635 Suillo
924 3578 997 3634 Rufo
1015 3581 1045 3634 et
1060 3578 1170 3634 Ostorio
1188 3579 1309 3648 Scapula
1328 3595 1390 3643 cos,
1409 3579 1458 3632 du-

278 3667 351 3721 biam
363 3672 410 3734 est,
428 3673 491 3722 otro
503 3667 561 3722 loco
572 3673 691 3723 motion
702 3669 746 3722 sit.
765 3667 839 3722 Solet
847 3667 985 3736 massari
996 3682 1049 3736 qao
1061 3667 1242 3721 imitationes
1253 3665 1356 3720 ducimt
1364 3663 1460 3719 sistes

280 3770 376 3808 omnen
394 3755 561 3824 orditurque
579 3771 633 3810 csse
650 3757 674 3810 is
691 3757 739 3825 qui
755 3757 862 3825 saepius
881 3760 1099 3810 commemoratur
1116 3753 1191 3823 apud
1210 3753 1332 3807 Taciturn
1349 3753 1399 3807 sab
1411 3769 1459 3807 nc-

278 3842 349 3895 mioe
366 3841 398 3895 P.
417 3841 519 3910 sealt,
547 3839 663 3898 Suillius
685 3841 779 3912 Rufus
806 3845 957 3913 appellatos
981 3843 1057 3914 apicii
1074 3843 1284 3897 Phanorian.
1304 3845 1398 3910 7,5,39‚
1426 3842 1458 3896 P.

281 3927 399 3984 Suillius
417 3930 511 3999 Rufus
528 3932 620 3985 const
639 3932 696 3986 loco
714 3933 828 3986 secundo
847 3934 935 4002 (Jrrsm
952 3931 1039 4000 dotted
1057 3930 1146 4001 lapide
1163 3931 1255 3999 rupto)
1274 3931 1305 3983 in
1316 3931 1396 3984 titulo
1413 3947 1460 3984 wr-

279 4017 349 4072 baso
368 4017 443 4072 Mur.
453 4021 540 4086 304‚4.
566 4015 679 4073 Scires
695 4035 807 4087 morsis
824 4020 933 4074 incerta.
953 4017 1003 4074 Tu.
1014 4017 1063 4088 ld]
1094 4017 1195 4072 Contra
1208 4016 1330 4072 Ostorius
1339 4016 1461 4086 Scapula

278 4107 335 4160 soe
352 4106 434 4161 dictio
452 4107 476 4161 is
494 4112 532 4162 cst
549 4107 598 4176 qui
614 4105 790 4160 Britanniam
805 4109 876 4162 rosit
893 4124 919 4161 a.
932 4109 968 4161 47
984 4121 1062 4175 saepe
1079 4110 1296 4160 omnmoooratas
1313 4104 1388 4174 opud
1407 4104 1459 4159 Ta-

280 4194 378 4262 citum,-
401 4195 492 4264 itaque
509 4192 560 4249 SC.
579 4194 617 4248 cd
639 4199 738 4249 cenum
755 4195 867 4249 almus
885 4195 1002 4248 consulis
1015 4209 1111 4247 nomen
1128 4194 1264 4263 appellare
1279 4193 1373 4261 malui,
1400 4209 1460 4247 oon

283 4281 363 4334 eamn
380 4282 437 4336 alia
450 4281 524 4336 scta
541 4299 559 4336 a
576 4281 690 4336 secundo
709 4283 815 4336 cosule
831 4298 927 4337 omnen
944 4281 1085 4350 truserint,
1103 4288 1135 4336 ct
1151 4282 1215 4336 Vett.
1232 4281 1341 4336 Trebati.
1354 4281 1459 4335 Ircueot.

279 4366 337 4437 Quo
358 4385 431 4423 onoc
449 4371 568 4425 conules
585 4372 608 4424 ii
619 4369 709 4440 fasces
725 4371 861 4440 peremat,
888 4371 1038 4440 teneratur,
1056 4370 1112 4424 nisi
1129 4369 1201 4439 quod
1218 4384 1251 4424 es
1272 4385 1356 4438 supro
1380 4368 1460 4424 dictu

279 4455 442 4528 intelleqittr
458 4455 547 4525 factos
564 4473 618 4513 csse
634 4463 697 4514 mite
713 4474 740 4514 a.
757 4461 800 4513 47.
