3256 5154
195 505 220 540 U.
231 507 248 548 ⁴,

195 551 218 586 P.
229 553 247 586 8.

274 320 337 388 190
721 319 821 376 Edicta
840 321 1010 391 praetorum.

358 496 417 563 De
439 497 573 582 pectis
596 501 636 563 et
657 496 1035 563 conventionibus.
1070 494 1168 562 Pecto
1184 503 1350 579 conventu,
1367 522 1450 584 quse

271 625 373 688 neque
395 603 468 669 dolo
491 605 576 669 malo
598 626 701 689 neque
723 603 872 669 adversus
895 603 981 688 leges
1003 603 1105 688 plebis
1129 602 1209 667 scite
1231 608 1360 668 senatus
1372 626 1450 669 con·

272 708 358 772 sulta
385 709 488 774 edicta
511 708 632 774 decreta
662 709 841 794 principum
865 730 967 792 neque
990 731 1053 793 quo
1076 709 1164 773 fraus
1187 710 1238 773 cui
1261 731 1370 774 eorum
1393 709 1452 774 fiet

271 811 357 878 fecte
379 817 483 893 erunt,
506 812 668 880 servabo¹.

195 930 248 1007 pp
357 917 485 982 Dein
515 917 583 982 ius
616 913 839 985 voosndol.
886 917 915 982 l.
947 915 1057 982 Inius
1080 919 1202 999 vocati,
1235 923 1272 983 ut
1294 923 1369 984 eant
1391 924 1450 985 eut

211 995 218 1007 ⁹
242 996 247 1007 Ι
270 1021 423 1087 vindicem
444 1020 547 1088 dentl.

359 1128 389 1192 2.
412 1127 591 1209 Parentem,
613 1131 786 1213 patronum
808 1131 987 1214 petronam,
1010 1127 1128 1193 liberos
1151 1133 1298 1213 parentes
1320 1130 1450 1213 petroni

270 1234 424 1316 petronae
446 1233 481 1298 in
503 1233 553 1298 ius
576 1234 644 1299 sine
666 1233 823 1318 permissu
846 1255 916 1298 meo
939 1256 978 1299 ne
1002 1234 1073 1317 quis
1096 1237 1187 1299 vocet
1201 1233 1224 1299 ⁴.

358 1338 388 1402 3.
404 1375 408 1381 ·
416 1387 575 1405 .......
599 1336 634 1404 Si
655 1339 727 1422 quis
743 1341 918 1422 parentem,
941 1341 1113 1423 patronum
1128 1342 1308 1423 patronem,
1331 1339 1449 1406 liberos

272 1446 329 1507 cut
351 1447 498 1527 parentes
521 1445 650 1528 patroni
672 1448 843 1529 petronae,
881 1444 1036 1510 liberosve
1059 1467 1131 1510 suos
1154 1466 1274 1525 eumve,
1298 1466 1392 1528 quem
1415 1446 1449 1509 in

271 1552 430 1632 potestate
452 1548 595 1629 hebebit,
619 1549 670 1614 vel
685 1571 826 1631 uxorem,
849 1550 900 1615 vel
921 1573 1039 1614 nurum
1060 1551 1095 1614 in
1111 1548 1178 1615 luel
1200 1550 1344 1616 vocabit:
1368 1572 1448 1634 qus·

271 1653 448 1737 liscumque
470 1653 602 1718 uuum
625 1653 826 1739 accipiaturl.

359 1759 390 1825 4.
420 1807 529 1824 .....
552 1757 591 1824 In
607 1760 691 1825 bons
713 1761 790 1842 eius,
815 1761 871 1845 qni
884 1760 1053 1828 surdum
1075 1760 1172 1842 dedit,
1195 1761 1222 1826 si
1238 1783 1340 1846 neque
1354 1763 1446 1845 pote-

273 1867 389 1929 statem
412 1863 461 1928 sui
484 1862 580 1930 faciet
601 1887 703 1950 neque
728 1865 924 1947 defendetur,
945 1866 987 1932 iri
1008 1866 1151 1933 iubebol.

360 1970 389 2034 5.
422 1967 474 2034 Ne
498 1970 569 2054 quis
591 1992 674 2052 eum,
698 1972 753 2056 qui
775 1971 809 2036 in
831 1973 880 2037 ius
903 1972 1080 2055 vocabitur,
1103 1973 1135 2037 vi
1157 1971 1276 2038 eximat
1298 1993 1376 2037 neve
1398 1971 1449 2036 fs·

272 2074 337 2138 ciat
359 2074 432 2139 dolo
454 2074 540 2140 malo
563 2097 627 2160 quo
648 2076 753 2161 magis
776 2077 1010 2144 eximeretur¹⁰.

201 2184 254 2260 ill}
359 2180 417 2245 De
438 2179 753 2265 postulcnd0¹¹.
793 2183 823 2248 1.
848 2183 911 2265 Qui
927 2184 1054 2250 omnum
1075 2203 1115 2248 ue
1123 2181 1290 2265 postulent.
1321 2179 1449 2265 (Minor

272 2285 368 2350 cuuis
389 2285 490 2351 decen
511 2291 539 2351 ct
559 2291 683 2369 septem,
705 2287 824 2352 surdus
846 2287 902 2370 put
919 2307 1056 2369 prorsus
1076 2307 1141 2352 coc
1162 2285 1266 2370 ardu)
1289 2335 1399 2353 .....
1421 2285 1449 2350 si

273 2413 338 2455 non
361 2389 527 2456 habebunt
549 2390 747 2473 advocatum,
770 2413 829 2477 ego
852 2389 978 2457 debon.

362 2496 392 2561 2.
432 2494 494 2571 Qui
517 2518 576 2581 pro
598 2496 669 2561 aliis
692 2518 733 2561 ne
754 2496 926 2580 postulent.
972 2496 1150 2580 (Mulieres,
1181 2517 1288 2564 caedes
1308 2497 1449 2578 cuteque

273 2601 446 2666 cornuue
468 2601 613 2680 orbatus,
644 2601 700 2683 qui
723 2620 851 2682 corpore
883 2620 940 2665 suo
962 2601 1127 2668 muliebrio
1144 2621 1264 2684 possus
1287 2602 1359 2681 crit,
1393 2602 1449 2683 qut

273 2705 403 2788 sopitat
426 2706 556 2770 crimine
577 2706 745 2770 domum
767 2707 839 2786 erit,
872 2707 927 2788 put
949 2726 1061 2789 operas
1081 2727 1165 2788 suus,
1196 2712 1231 2772 ut
1252 2727 1323 2772 cum
1344 2706 1450 2770 bestiis

273 2811 471 2895 depuprtcsret,
495 2808 685 2896 locaverit)¹³
702 2860 709 2876 .
727 2860 759 2878 ..

362 2919 392 2983 3.
429 2918 491 3000 Qui
512 2917 576 2981 cisi
592 2937 656 2999 pro
672 2918 761 2982 certis
777 2918 920 2999 personis
933 2938 972 2982 ue
982 2917 1148 2999 postulent.
1181 2916 1243 2994 uui
1258 2918 1330 3004 lege
1344 2916 1446 3001 plebis

274 3022 353 3088 scito
385 3026 513 3088 senatus
535 3023 681 3088 consulto
711 3023 813 3088 edicto
840 3023 964 3088 decreto
988 3022 1167 3108 principum
1188 3023 1251 3089 nisi
1272 3045 1331 3108 pro
1354 3021 1449 3086 certis

274 3128 417 3211 personis
440 3127 603 3213 postulare
625 3127 846 3212 prohibentur,
877 3126 912 3191 hi
935 3149 993 3212 pro
1016 3128 1089 3209 alio,
1120 3150 1217 3212 quem
1240 3150 1298 3212 pro
1322 3149 1385 3212 quo
1406 3125 1447 3190 li·

273 3232 372 3313 cebit,
393 3231 428 3296 in
450 3232 519 3296 iure
541 3231 625 3316 apud
648 3254 698 3297 me
719 3253 759 3296 ne
781 3230 945 3315 postulent
960 3229 998 3296 ¹⁴.
1044 3231 1105 3309 Qui
1128 3233 1168 3297 eb
1192 3233 1331 3298 exercitu
1353 3231 1447 3316 igno·

274 3337 392 3402 minine
414 3358 510 3402 ceusu
532 3337 573 3401 ab
595 3335 787 3421 imperatore
809 3357 894 3416 euve,
925 3335 976 3401 cui
998 3336 1037 3401 de
1058 3359 1096 3401 ea
1117 3359 1152 3403 re
1173 3336 1334 3403 statuendi
1356 3338 1448 3420 pote·

274 3447 340 3508 stes
355 3442 463 3525 fuerit,
478 3441 627 3508 dimissus
643 3441 723 3507 erit:
747 3442 803 3526 qui
818 3443 897 3508 artis
912 3442 1051 3508 ludicrae
1069 3443 1337 3527 pronuntiandive
1352 3463 1447 3506 oense

272 3549 306 3612 in
337 3570 482 3614 scaenam
512 3547 683 3632 prodierit:
718 3548 774 3633 qui
803 3548 996 3614 lenocinium
1029 3549 1157 3616 fecerit:
1190 3550 1246 3634 qui
1275 3549 1310 3613 in
1331 3547 1448 3612 iudicio

270 3653 399 3739 publico
421 3654 598 3720 calumniae
619 3654 940 3739 praevaricationisve
968 3677 1063 3721 ceusu
1095 3655 1172 3741 quid
1193 3654 1305 3720 fecisse
1326 3652 1450 3717 iudice·

361 3879 1248 3952 1)D.2,14,7,7.-2)Ruor.1>.2,4.-s)Rucr.D.2‚6:
1278 3881 1315 3936 ‘in
1333 3881 1378 3936 ius
1398 3898 1446 3938 vo·

272 3967 328 4022 cati
346 3969 380 4022 ut
397 3970 465 4023 eant
483 3970 533 4024 sut
554 3967 624 4022 sutis
642 3966 689 4022 vel
701 3969 816 4022 centum
834 3967 919 4023 dent*
950 3968 991 4039 Of.
1007 3969 1069 4026 Gai.
1082 3970 1176 4036 11546.
1197 4002 1231 4011 -—
1250 3971 1277 4040 4)
1297 3969 1334 4024 D.
1344 3973 1448 4037 2,4,4,1.

271 4055 430 4111 Formutcm
447 4057 510 4112 huic
527 4051 759 4110 ecicuacs'ectun
775 4055 859 4125 refert
884 4055 946 4112 (lui.
968 4055 1063 4124 IV‚46.
1090 4088 1124 4097 -
1154 4059 1182 4128 5)
1201 4057 1282 4127 Dip:
1306 4055 1450 4112 iudicium.

269 4173 305 4182 -
323 4145 350 4213 6)
371 4143 451 4213 Dte)..-
468 4143 610 4200 fideiussor
628 4141 731 4199 indicio
749 4142 867 4198 sistendi
885 4160 979 4198 censa.
996 4174 1032 4184 -
1051 4145 1078 4215 7)
1094 4144 1132 4199 D.
1142 4148 1249 4214 2,8,2,2.
1270 4175 1303 4184 -
1322 4145 1349 4209 8)
1367 4143 1450 4214 Dap:

270 4229 374 4288 indicio
392 4231 509 4286 sistendi
528 4249 612 4287 ceusu
629 4230 826 4286 fideiussorem.
846 4262 881 4272 -
899 4233 926 4303 9)
946 4231 984 4286 D.
997 4235 1088 4301 42,4,2
1102 4248 1145 4302 pr.
1173 4233 1208 4302 cf.
1228 4231 1265 4286 D.
1279 4235 1386 4300 2,8,2,5.
1411 4231 1448 4287 E.

271 4318 303 4371 P.
317 4337 347 4388 p.
365 4322 400 4374 57
416 4335 455 4389 sp.
475 4347 508 4358 -
529 4321 571 4388 10)
590 4317 676 4374 Rubr.
696 4318 734 4372 D.
746 4322 792 4387 2,7
809 4321 853 4374 iot.
872 4321 928 4376 eod.
947 4324 1008 4389 3,2,·
1025 4325 1077 4386 4,2.
1097 4352 1131 4361 -
1152 4323 1195 4392 ll)
1216 4320 1301 4377 Rubr.
1321 4320 1358 4376 D.
1374 4323 1449 4389 (3.1).

269 4406 367 4477 -12)
387 4406 425 4460 D.
443 4408 569 4474 3,1,1,3.4.
588 4438 622 4448 -
642 4408 686 4478 13)
705 4406 744 4462 D.
763 4410 888 4476 3,1,1,5.6.
908 4439 942 4449 —
962 4410 1006 4479 14)
1028 4408 1065 4466 D.
1084 4412 1186 4480 3,1,1,8.
