3190 5148
436 360 458 415 Ε
476 359 556 416 libris
575 377 668 416 rerum
686 361 862 429 rusticarum,
881 363 902 416 l.
920 363 942 417 Ι.
1221 365 1290 434 387v

105 538 215 603 litates
240 539 285 604 sio
308 538 342 602 iu
364 536 486 613 verbis3
510 539 548 600 ut
570 536 654 600 enim
677 537 717 601 ab
734 535 872 602 Aemilio
887 521 1045 603 homines¹
1071 539 1134 604 orti
1154 537 1284 605 Aemilii

107 668 145 710 ao
170 645 317 731 gentiles,
351 643 396 706 sic
418 641 460 706 ab
483 641 613 706 Aemilii
635 643 763 707 nomine
786 642 960 710 declinatae
983 666 1073 709 voces
1096 644 1130 708 in
1152 645 1305 731 gentili-‘-

106 757 176 818 tate
200 749 373 827 nominali3
396 748 437 812 ab
462 769 498 813 eo
521 747 615 827 enim,
639 749 723 831 quod
745 753 793 813 est
815 749 1002 833 impositum
1024 753 1110 814 recto
1128 771 1202 814 casu
1219 749 1282 814 Ae-

109 856 230 936 milius,
253 859 325 920 orta
348 851 488 931 Aemilii,
512 851 684 918 Aemilium
708 859 758 918 cet.

198 962 249 1027 82.
285 959 323 1025 In
344 959 405 1024 hoc
427 959 497 1043 ipso
528 959 676 1044 analogia
704 962 857 1038 nonest,
888 959 972 1043 quod
995 959 1049 1024 alii
1071 960 1201 1024 nomina
1223 960 1282 1024 ha·

110 1068 191 1132 bent
213 1067 253 1131 ab
277 1065 414 1151 oppidis,
437 1065 493 1130 alii
515 1069 571 1129 aut
587 1087 651 1129 non
666 1064 797 1143 habent,
821 1069 955 1129 autnon
974 1070 1011 1130 ut
1026 1067 1141 1131 debent
1155 1066 1285 1131 habent.

110 1173 165 1238 83.
210 1171 341 1236 Habent
363 1170 507 1255 plerique
530 1170 672 1236 libertini
695 1192 714 1234 a
735 1170 908 1254 municipio
929 1171 1130 1248 manumissi;
1152 1172 1186 1236 in
1210 1194 1284 1255 quo,

107 1282 147 1343 ut
180 1276 367 1342 societatum
400 1278 433 1340 et
455 1275 603 1340 fanorum
625 1276 725 1356 servi,
757 1297 821 1340 non
844 1279 1011 1340 servarunt
1037 1298 1095 1359 pro
1120 1275 1285 1360 portione²

110 1383 279 1447 rationem.
324 1381 369 1445 Et
384 1379 599 1446 Romanorum
622 1380 731 1446 liberti
754 1381 929 1445 debuerunt
949 1379 1020 1460 dici,
1044 1383 1080 1444 ut
1095 1403 1114 1444 a
1129 1379 1283 1446 Faventia

111 1487 319 1565 Faventinus,
343 1485 384 1550 ab
406 1483 505 1550 Reate
528 1484 692 1566 Reatinus,
717 1485 762 1550 sie
785 1509 804 1550 a
826 1483 928 1550 Roma
951 1483 1124 1564 Romanae,
1147 1484 1201 1550 ut³
1223 1509 1281 1551 no-

108 1593 275 1657 minantur
304 1590 411 1655 liberti
442 1591 505 1656 orti
531 1590 666 1676 publicis
695 1591 792 1656 servis
819 1589 973 1670 Romani,
1011 1591 1066 1674 qui
1095 1591 1281 1656 manumissi

110 1696 230 1785 [sunt]⁴
264 1699 338 1760 ante
362 1717 457 1780 quam
480 1697 539 1760 sub
561 1695 825 1782 magistratuuml
848 1697 987 1775 uomina,
1012 1696 1067 1781 qui
1090 1717 1141 1768 eos
1164 1695 1280 1761 libera-

107 1807 194 1883 runt,
218 1801 382 1868 succedere
405 1806 585 1885 coeperunt.

338 1975 368 2041 2.
402 1975 431 2040 Ε
453 1975 588 2040 libris
611 1999 749 2040 rerum
771 1975 1058 2044 rusticarum.

639 2115 721 2171 Liber
739 2116 759 2172 Ι.

195 2227 226 2307 2,
250 2225 281 2290 9.
305 2221 339 2289 O.
363 2223 520 2290 Licinium
541 2222 705 2290 Stolonem
726 2259 769 2271 -—
791 2223 883 2288 video
906 2224 1024 2304 venire,
1046 2225 1200 2292 -cuius
1216 2249 1283 2292 ma·

109 2331 194 2396 iores
218 2330 256 2395 de
278 2330 372 2394 modo
396 2330 466 2415 agri
487 2329 591 2416 legem
613 2329 773 2408 tulerunt;
796 2352 871 2394 uam
887 2327 1027 2395 Stolonis
1045 2329 1103 2395 illa
1117 2330 1178 2412 lex,
1203 2354 1283 2417 quae

106 2439 195 2501 vetat
226 2435 298 2519 plus
328 2434 357 2499 D
389 2435 501 2520 iugera
529 2435 646 2501 habere
676 2435 777 2500 civem
809 2433 989 2500 Romanum
1022 2474 1077 2501 -.
1131 2436 1282 2502 Eiusdem

109 2541 216 2626 gentis
240 2538 273 2606 0.
297 2538 447 2620 Licinius,
470 2540 618 2605 tribunus
640 2539 743 2624 plebis
759 2561 831 2604 cum
847 2545 938 2620 esset,
960 2545 1035 2625 post
1050 2563 1141 2627 reges
1157 2546 1282 2608 exactos

109 2645 202 2710 annis
226 2642 389 2736 ccclxv
412 2645 533 2730 primus
555 2645 710 2730 populum
732 2645 773 2710 ad
787 2644 874 2732 leges
897 2646 1097 2730 accipiundas
1111 2648 1146 2712 in
1161 2651 1282 2732 septem

111 2751 225 2836 iugera
246 2749 385 2815 forensia
407 2773 424 2815 e
447 2749 576 2816 comitio
598 2750 733 2816 eduxit⁷.

201 2859 249 2936 10,
274 2855 302 2923 1.
341 2855 463 2937 Modos,
487 2857 602 2942 quibus
624 2857 814 2923 metirentur
835 2880 927 2938 rura,
956 2857 1037 2923 alius
1059 2857 1138 2924 alios
1161 2857 1281 2923 consti-

107 2961 182 3026 tuit.
207 2997 248 3008 -
270 2961 447 3026 metiuntur
469 2999 511 3008 -
534 2962 617 3046 apud
639 2984 697 3028 nos
720 2963 754 3026 in
777 2985 855 3050 agro
878 2963 1023 3029 Romano
1045 2985 1082 3028 ac
1096 2963 1211 3029 Latino
1232 2963 1281 3027 iu-

107 3068 204 3153 geris.
249 3064 401 3153 Iugerum
424 3066 583 3152 (vocant),
618 3069 701 3153 quod
724 3069 896 3154 quadratos
926 3068 1003 3134 duos
1032 3071 1121 3132 actus
1143 3067 1279 3146 habeat3

107 3176 200 3238 actus
225 3171 409 3256 quadratus,
433 3172 488 3258 qui
511 3177 542 3237 et
564 3173 649 3238 latus
672 3178 720 3238 est
734 3175 828 3258 pedes
852 3173 937 3239 CXX
960 3178 992 3240 et
1007 3174 1121 3259 longus
1137 3173 1278 3240 totidem.

105 3315 150 3326 --
177 3278 206 3340 2.
238 3277 321 3342 Bina
343 3277 471 3363 iugera,
505 3278 588 3363 quod
611 3299 630 3343 a
652 3277 790 3344 Romulo
820 3267 966 3364 primum
982 3276 1099 3343 divisa⁸
1129 3279 1278 3360 viritiml,

106 3404 188 3467 quae
211 3381 357 3447 heredem
380 3387 595 3467 sequerentur,
616 3382 780 3449 heredium
803 3385 1014 3469 appellarunt.

181 3522 208 3590 1)
226 3520 338 3576 homine
355 3521 464 3576 Becker.
483 3552 516 3561 -
535 3520 563 3592 2)
582 3519 616 3574 1..
636 3521 756 3590 Sponpel,
775 3523 984 3593 proportionem
1002 3521 1036 3578 F.
1057 3554 1089 3564 -
1107 3522 1136 3594 3)
1154 3521 1278 3592 Mueller,

106 3612 139 3664 ut
162 3609 197 3664 F.
216 3639 249 3648 —
268 3611 296 3676 l)
314 3609 363 3678 [aie
380 3609 489 3678 seram
507 3609 542 3678 cf.
561 3607 727 3663 Staatarecllt
743 3608 815 3679 1²10.
832 3614 892 3665 307.
917 3610 967 3664 Tu.
981 3611 1029 3681 Μ.]
1047 3612 1079 3664 ut
1098 3609 1278 3666 nominantur

109 3695 237 3750 libertini
262 3695 318 3750 orti
335 3694 454 3765 publicis
473 3695 529 3752 orti
547 3696 632 3751 seruis
644 3697 754 3752 romani
771 3696 820 3767 qui
832 3697 995 3752 manumissi
1006 3696 1040 3762 F,
1059 3702 1090 3754 at
1102 3697 1280 3753 nominentur

108 3782 236 3838 libertini
255 3782 310 3839 orti
330 3800 347 3836 a
364 3769 486 3852 publicis
501 3769 587 3838 servis
604 3783 792 3840 Romanenses
809 3785 858 3855 qui
876 3785 1038 3840 manumissi
1057 3786 1178 3840 Mueller.
1199 3815 1234 3824 -
1253 3785 1280 3853 5)

105 3869 293 3938 magistratus
311 3867 346 3923 F.
376 3901 409 3909 -
438 3872 465 3939 6)
485 3870 633 3939 Scriptores
649 3873 691 3925 rei
706 3875 822 3928 rusticae
839 3874 877 3927 ed.
897 3873 1048 3928 Schneider.
1066 3877 1140 3928 1794.
1171 3871 1281 3926 Tora]

101 3977 130 4029 p.
141 3961 200 4013 123.
230 3957 271 4010 M.
281 3957 364 4012 Porci
382 3957 491 4013 (latonia
509 3959 540 4012 de
558 3961 619 4028 apri
637 3960 743 4014 cultura
760 3967 786 4015 et
803 3960 843 4014 M
861 3961 967 4016 loreati
982 3961 1110 4015 Varronis
1127 3977 1216 4014 rerum
1232 3976 1279 4014 ru-

107 4048 237 4102 sticarum
255 4047 320 4100 labri
335 4052 388 4100 tres
406 4063 438 4100 ax
455 4063 505 4101 reo.
524 4047 562 4100 Η.
581 4046 673 4101 Keilii.
694 4051 770 4104 1884.
791 4079 823 4088 -
846 4049 872 4119 l)
893 4048 946 4104 Cic.
965 4047 996 4101 de
1014 4048 1089 4101 amic.
1107 4049 1157 4100 25:
1175 4047 1214 4116 (Ο.
1234 4047 1278 4100 Li-

106 4133 199 4188 cinius
218 4131 344 4202 Crassus)
362 4133 468 4202 primus
486 4132 611 4188 instituit
629 4134 659 4188 in
678 4135 769 4190 forum
787 4152 881 4190 versus
901 4151 983 4204 agere
1000 4151 1063 4188 eum
1081 4135 1191 4203 populo.
1230 4134 1277 4188 θο-

107 4223 170 4276 lam.
190 4221 399 4288 der.r.1,3,10:
417 4222 480 4290 post
498 4237 577 4290 reges
596 4223 706 4277 exactos
723 4221 867 4289 Liciniana
885 4222 936 4278 illa
955 4223 1071 4292 septena
1082 4220 1188 4290 iugera,
1207 4238 1279 4289 quae

104 4307 183 4377 plebi
210 4307 340 4362 tribunus
369 4305 476 4361 viritim
508 4305 655 4372 diviserat,
682 4294 958 4378 maiores'quaestus
989 4306 1111 4376 antiquie
1135 4308 1277 4373 rettulere,

105 4412 192 4464 quam
221 4411 295 4449 nune
322 4395 401 4450 nobis
428 4393 565 4464 praebent
592 4395 765 4466 amplissima
792 4398 927 4452 veterata.
963 4396 1020 4452 Hc.
1045 4396 1090 4450 ab.
1109 4395 1135 4450 d.
1153 4393 1235 4450 Stella
1251 4395 1277 4450 d.

110 4479 451 4542 latrunculariam.
481 4483 555 4540 1835.
585 4513 617 4522 -
644 4485 671 4556 8)
700 4483 865 4552 dicebantur
888 4487 938 4541 aas.
959 4486 1035 4552 libri,
1062 4500 1113 4538 ora.
1140 4485 1189 4554 qul
1207 4483 1278 4550 lurra

1017 4573 1071 4642 25*
