3190 5148
681 350 785 407 Fatus·
1270 361 1332 426 aar

162 528 325 593 hominem
347 529 575 594 indemnatum.
620 527 671 594 Ita
693 531 790 596 fuisse
813 532 933 597 indicat
961 534 1012 598 lex
1035 533 1160 600 Numae
1183 536 1332 622 Pompilii

160 633 262 718 regis¹
287 633 337 697 his
360 635 534 718 composita
556 635 680 712 verbis3
704 633 748 700 ‘Si
772 637 827 720 qui
849 638 908 702 oet'
953 638 992 702 P.
1015 644 1094 704 221.

156 738 321 803 ‘Parum
344 739 510 803 cavisse
536 739 694 819 videri',
726 741 914 822 pronuntiat
944 744 1168 827 magistratus,
1199 768 1270 810 cum
1293 749 1330 814 de

156 843 296 910 oonsilii²
322 845 481 911 sententia
503 844 615 928 capitis
640 867 734 929 quem
757 845 1023 914 condemnaturus
1046 853 1102 916 est.
1148 850 1187 915 F.
1210 858 1286 917 238.

154 949 280 1016 Pater
302 950 522 1035 patrimus
546 951 710 1015 dicebatur
732 953 817 1036 apud
841 953 1000 1038 antiquos,
1025 955 1079 1038 qui
1096 976 1168 1019 cum
1183 957 1248 1021 iam
1263 959 1330 1042 ipse

154 1060 246 1140 pater
269 1059 361 1134 esset,
384 1056 525 1120 habebat
548 1056 644 1120 etiam
667 1061 737 1120 tum
759 1062 893 1142 patrem.
940 1058 978 1123 F.
1002 1063 1078 1124 234.

154 1160 322 1244 [Patres
344 1159 570 1244 appe]llantur‚
595 1183 633 1224 111
656 1161 772 1244 quibus
795 1166 923 1227 senatus
947 1165 1104 1246 [prunum
1127 1168 1328 1248 compositam

154 1287 234 1330 num
256 1267 348 1329 1111110
370 1265 470 1348 urbis]
503 1265 647 1330 conditae
669 1264 824 1332 Romulus
848 1267 871 1332 0
896 1269 994 1350 [01101
1017 1271 1102 1354 01011
1120 1275 1328 1354 praestantis-

152 1370 273 1453 simos]
306 1392 441 1454 quorum
471 1370 602 1434 consilio
628 1374 724 1454 atque
748 1370 935 1457 [prudentia
957 1394 1007 1438 res
1024 1376 1153 1455 publica
1174 1376 1326 1461 111111111-

155 1479 328 1554 straretur;
350 1479 446 1559 atque
470 1475 508 1559 [ii
524 1481 634 1556 putres
655 1477 731 1540 dicti
752 1483 833 1557 sunt,
857 1476 944 1563 qnia]
969 1501 1120 1565 agrorum
1141 1488 1247 1567 partes
1272 1484 1327 1548 ad-

157 1581 351 1665 [tribuerant
373 1578 584 1668 tenuioribus]
615 1582 745 1665 perinde
775 1605 811 1648 ao
834 1584 952 1648 liberis.
997 1584 1035 1649 F.
1059 1592 1134 1652 246.
1179 1587 1326 1654 Patres

155 1691 318 1751 senatores
340 1686 411 1750 ideo
435 1685 587 1770 appellati
610 1691 695 1767 sunt,
720 1689 795 1772 qnia
817 1711 968 1774 agrorum
990 1695 1097 1774 partes
1113 1694 1326 1759 attribuerent

152 1793 352 1858 tenuioribus
376 1813 412 1856 ac
435 1793 463 1856 si
485 1792 593 1857 liberis
617 1794 767 1876 propriis.
814 1795 853 1859 P.
877 1801 952 1859 247.

150 1898 367 1963 Patricios
390 1897 517 1962 Cincius
541 1900 587 1963 ait
609 1899 644 1963 in
666 1898 750 1963 libro
772 1901 812 1964 de
834 1901 971 1965 comitiis
996 1924 1049 1967 eos
1072 1904 1227 1987 appellari
1250 1906 1325 1969 soli-

152 2008 214 2082 tos,
239 2003 294 2087 qui
317 2025 401 2066 nunc
422 2004 554 2088 ingenui
577 2008 739 2068 vocentur.
785 2004 823 2069 F.
846 2011 922 2070 241.

151 2109 372 2174 Patricius
402 2109 490 2173 vicus
514 2108 634 2174 Romae
663 2111 765 2175 dictus
788 2133 838 2189 eo,
873 2112 1024 2195 quodibi
1047 2113 1175 2195 patricii
1197 2114 1324 2180 habita·

151 2219 278 2295 verunt,
301 2214 431 2280 iubente
454 2213 580 2280 Servio³
604 2214 720 2295 Tullio,
744 2221 791 2296 ut,
814 2217 842 2281 si
865 2217 941 2301 quid
964 2218 1152 2283 molirentur
1175 2221 1325 2285 adversus

148 2322 265 2406 ipsum,
289 2343 327 2386 ex
349 2321 426 2385 locis
449 2321 664 2405 superioribus
688 2323 950 2407 opprimerentur.
998 2324 1035 2387 P.
1059 2329 1137 2388 221.

147 2426 339 2490 Patrimi
362 2430 394 2490 et
416 2425 557 2490 matrimi
579 2426 686 2509 pueri⁴
709 2428 903 2510 praetextati
926 2431 990 2493 tres
1014 2428 1203 2493 nubentem⁶
1227 2429 1323 2493 dedu-

148 2534 236 2610 cunt,
259 2553 341 2596 unus
366 2532 421 2614 qui
443 2531 543 2595 facem
567 2529 708 2614 praefert
730 2554 768 2597 ex
791 2533 883 2616 spina
905 2533 989 2613 alba,
1014 2533 1089 2617 quia
1111 2538 1208 2597 noctu
1224 2535 1323 2598 nube·

146 2636 238 2715 bant,
264 2636 325 2700 duo
349 2637 404 2720 qui
427 2640 538 2700 tenent
559 2638 740 2702 nubentem.
786 2636 825 2700 F.
848 2643 924 2703 245.

147 2741 401 2806 Patrocinia
428 2743 583 2827 appellari
613 2746 725 2826 coepta
748 2747 839 2823 sunt,
872 2765 942 2807 oum
966 2743 1055 2827 plebs
1080 2742 1250 2808 distributa
1273 2750 1321 2810 est

147 2848 233 2912 inter
255 2851 372 2931 patres,
403 2851 571 2912 uteorum
595 2847 708 2932 opibus
731 2852 802 2912 tuta
825 2853 916 2913 esset.
962 2848 1000 2911 F.
1023 2854 1098 2913 233.
1145 2848 1199 2929 (P.
1224 2852 1319 2935 232.)

147 2951 370 3037 Patr[oaus
402 2958 535 3034 epatre
564 2953 681 3016 01101
704 2950 982 3036 ontiqaisdiotas]
1007 2953 1064 3031 sit,
1098 2953 1320 3019 manifestum:

146 3058 226 3143 quia
258 3059 307 3140 [at
340 3057 442 3138 liberi,
476 3059 522 3122 sio
552 3058 646 3122 etiam
668 3059 803 3141 clientes]
838 3058 998 3122 numerari
1021 3058 1105 3122 inter
1128 3059 1320 3144 domesticos

148 3163 374 3246 quodammodo
393 3163 548 3246 possunt]
593 3162 632 3227 F.
656 3169 731 3228 253.

144 3269 273 3334 Peonl
286 3273 380 3333 atus
404 3273 452 3334 est
474 3290 557 3332 nuno
581 3269 707 3352 quidem
730 3265 973 3352 qualecumque⁶
996 3267 1158 3350 publicum
1180 3266 1314 3346 furtum,

145 3374 201 3439 sed
223 3373 388 3437 inductum
411 3377 459 3437 est
481 3393 634 3457 apeeore‚
656 3377 694 3437 ut
709 3373 842 3457 pecunia
864 3395 989 3456 quoque
1003 3373 1082 3456 ipsa.
1117 3370 1202 3436 Iam⁷
1219 3373 1315 3436 etiam

145 3479 235 3544 noxii
256 3501 368 3562 pecore
391 3478 622 3557 multabantur,
646 3479 721 3562 quia
743 3501 845 3562 neque
860 3479 940 3542 aeris
957 3477 1059 3542 adhuc
1074 3501 1175 3563 neque
1191 3479 1316 3562 argenti

142 3587 213 3649 erat
246 3585 344 3668 copia.
405 3581 518 3667 Itaque
552 3604 698 3665 suprema
728 3582 830 3646 multa
860 3582 957 3646 etiam
990 3605 1074 3646 nunc
1107 3583 1314 3666 appellatur⁸.

143 3689 182 3753 L.
205 3693 280 3753 213.
326 3688 380 3769 (P.
404 3691 498 3771 212.)

144 3794 380 3859 Peculatus
402 3794 524 3857 furtum
547 3792 710 3878 publicum
733 3791 794 3855 dici
816 3796 945 3875 coeptus
968 3798 1016 3857 est
1039 3815 1204 3876 aponum,
1241 3795 1316 3878 quia

143 3900 184 3964 ab
207 3922 243 3964 eo
266 3899 396 3962 initium
428 3900 494 3963 eius
516 3899 637 3964 fraudis
661 3920 726 3962 esse
749 3899 869 3981 coepit,
901 3899 1057 3982 siquidem
1088 3904 1161 3964 ante
1185 3922 1236 3964 aes
1260 3905 1315 3964 aut

141 4008 312 4090 argentum
345 4005 508 4089 signatum
539 4005 580 4069 ob
608 4005 724 4070 delicta
752 4026 854 4087 poena
875 4004 1065 4088 gravissima
1087 4009 1156 4068 erat
1178 4006 1314 4069 duarum

230 4179 256 4245 1)
277 4178 318 4246 Of.
337 4194 422 4246 supro
436 4196 465 4246 p.
484 4181 561 4245 10,12
577 4194 603 4230 n.
623 4181 649 4231 2.
678 4207 712 4218 -
741 4178 767 4244 2)
785 4175 908 4232 consiliis
927 4176 983 4231 cod.
1001 4206 1037 4215 —
1054 4176 1082 4246 3)
1102 4176 1216 4232 seruitio
1235 4177 1312 4244 GM,

142 4265 234 4320 seruio
256 4265 286 4318 T.
306 4297 338 4305 -
356 4267 384 4334 4)
403 4283 488 4336 puero
507 4266 563 4321 cod.
591 4295 615 4304 -
635 4268 662 4334 5)
680 4266 802 4320 nubente
820 4264 876 4320 cod.
894 4295 924 4305 -
942 4267 969 4333 6)
987 4265 1208 4335 qualemcunque
1228 4265 1258 4335 Q.
1278 4298 1311 4305 -

138 4357 166 4421 7)
182 4371 250 4406 nam
274 4353 393 4408 Ursinus.
414 4385 446 4393 -
464 4353 492 4422 8)
511 4370 567 4421 qua
586 4353 659 4406 XXX
676 4353 759 4409 bovas
778 4355 806 4406 et
826 4350 845 4410 ll
857 4368 925 4408 oves
944 4352 1170 4407 aestimabantur
1184 4354 1314 4408 1111111011

139 4441 308 4507 candentum
335 4440 370 4509 of.
389 4440 419 4494 P.
439 4444 488 4494 144
506 4441 660 4495 Maximam
679 4441 808 4495 multam.
