3190 5148
697 313 827 372 Isidorus.
1205 369 1207 374 ,
1283 312 1348 378 407

261 485 344 568 112,
368 488 397 558 2.
442 486 518 554 Fas
540 489 591 554 lex
614 489 721 554 diuina
744 493 802 568 est,
836 488 901 554 ius
924 487 974 554 lex
996 487 1146 556 humana.
1194 485 1345 554 Transire

174 617 232 680 per
255 595 393 659 alienum
415 593 464 658 ias
487 603 545 672 ost,
566 592 614 657 ius
637 615 701 658 non
724 598 781 658 est.

262 697 346 779 V3,
370 699 399 763 2.
444 697 605 764 Lexest
557 698 767 764 esttconsitu
745 698 813 764 utio
837 697 963 783 scripta.
1010 695 1099 762 Mos
1120 700 1349 764 cetratustate

174 805 311 890 probata
332 805 534 885 cousuetudo,
558 806 623 870 sire
645 805 697 872 lex
718 828 783 869 non
806 805 933 890 scripta.
980 806 1010 870 3
1034 803 1184 870 Most
1129 808 1184 869 aut
1185 826 1235 869 em
1250 804 1348 889 longa

174 914 306 976 consuet
291 910 368 975 tudo
399 914 447 976 est
432 911 516 976 tde
537 911 717 976 moribust
703 914 806 978 tracta
829 911 1027 977 tantundem.
1073 907 1347 974 Consuetudo

176 1018 283 1079 autem
308 1014 426 1079 estius
450 1013 608 1098 quoddam
631 1013 772 1078 moribus
794 1013 924 1078 institut
924 1036 988 1092 um,
1012 1013 1096 1097 quod
1118 1034 1176 1097 pro
1192 1013 1263 1097 lege
1278 1034 1347 1076 sus-

174 1120 301 1205 cipitur,
324 1143 397 1186 cum
419 1120 525 1186 deficit
546 1121 613 1194 lex;
637 1141 694 1184 nec
716 1119 830 1199 differt,
854 1119 1012 1203 scriptura
1034 1140 1075 1182 an
1093 1117 1217 1184 ratione
1239 1117 1343 1182 oonsi-

175 1228 251 1306 stat,
275 1225 400 1310 quando
423 1228 455 1290 et
477 1225 580 1309 legem
603 1226 685 1290 ratio
707 1225 914 1290 commendat.

262 1328 294 1393 V
317 1330 368 1408 24,
393 1330 421 1393 5.
469 1328 787 1394 Testamentum
830 1328 908 1394 iuris
941 1327 1043 1393 civilis
1077 1331 1124 1392 est
1155 1323 1186 1388 V
1217 1326 1347 1391 testium

174 1433 409 1517 subscriptione
431 1433 604 1499 firmatum.
642 1436 671 1498 6.
695 1434 935 1500 Testamentum
957 1432 1036 1497 iuris
1051 1430 1203 1517 praetorii
1219 1435 1267 1495 est
1282 1428 1347 1495 VH

173 1540 305 1606 testium
335 1540 435 1624 signis
465 1539 644 1626 signatum3
678 1543 731 1607 sed
755 1540 835 1605 illud
857 1540 942 1625 apud
964 1541 1047 1603 cives
1069 1536 1117 1616 fit,
1147 1536 1221 1602 inde
1243 1533 1344 1611 civile,

175 1645 262 1710 istud
287 1645 371 1728 apud
394 1649 564 1731 praetores,
587 1647 661 1712 inde
682 1647 761 1712 iuris
783 1645 944 1730 praetorii.
991 1643 1041 1709 14.
1076 1640 1346 1719 Oodicillnm,

174 1753 211 1814 ut
234 1754 354 1816 veteres
387 1751 486 1830 aiunt,
510 1753 577 1817 sine
600 1753 695 1817 dubio
719 1753 758 1817 ab
782 1756 910 1816 auctore
932 1749 1062 1828 dictum,
1086 1746 1142 1831 qui
1164 1746 1224 1810 hoc
1247 1747 1347 1829 scrip-

175 1859 268 1920 turae
289 1877 389 1940 genus
412 1856 563 1921 instituit.
609 1857 669 1922 Est
692 1861 795 1922 autem
821 1857 978 1940 scriptura
998 1855 1089 1918 nulla
1111 1851 1258 1936 indigens
1282 1852 1346 1917 sol-

174 1960 341 2026 lemnitate
364 1961 550 2041 verborum,
582 1962 636 2026 sed
659 1961 727 2027 sola
750 1962 912 2026 testatoris
936 1959 1100 2025 voluntate
1123 1957 1346 2043 qualicumque

174 2065 350 2149 scripturae
380 2065 613 2151 significatione
643 2090 809 2152 expressa;
841 2067 929 2131 cuius
952 2064 1104 2132 beneficio
1126 2063 1346 2128 voluntatibus

174 2170 395 2237 defunctorum
417 2175 543 2236 constat
565 2193 631 2238 esse
653 2173 844 2237 subventum
862 2174 993 2255 propter
1006 2168 1160 2254 legalium
1175 2167 1345 2232 verborum

172 2275 405 2355 difficultatem,
429 2280 485 2342 aut
507 2279 590 2341 certe
612 2279 742 2360 propter
765 2275 985 2341 necessitatem
1008 2272 1260 2338 adhibendorum
1280 2273 1343 2337 sol·

173 2381 343 2460 lemnium,
374 2383 421 2447 ita
451 2386 488 2446 ut
511 2381 566 2467 qui
588 2380 719 2445 titulum
741 2380 853 2446 scribit
874 2378 1014 2445 eiusdem
1036 2377 1226 2462 scripturae,
1258 2377 1345 2442 codi-

172 2485 282 2550 cillum
305 2488 403 2551 vocet.
451 2487 502 2551 15.
526 2485 672 2551 Cretio
695 2489 743 2551 est
766 2490 870 2551 certus
894 2485 1016 2550 dierum
1038 2506 1199 2563 numerus,
1222 2482 1256 2546 in
1280 2505 1343 2568 quo

175 2590 342 2656 institutus
358 2591 449 2656 heres
465 2595 521 2656 aut
536 2591 602 2658 adit
617 2591 836 2670 hereditatem,
861 2595 917 2655 aut
931 2589 1024 2655 finito
1039 2593 1181 2674 tempore
1196 2589 1344 2656 cretionis

172 2695 360 2775 excluditur,
384 2717 442 2760 nec
464 2696 599 2762 liberum
622 2701 670 2761 est
692 2697 741 2760 illi
763 2697 849 2761 ultra
871 2696 1040 2780 capiendae
1060 2695 1256 2761 hereditatis.

258 2798 364 2880 1724,
388 2803 439 2867 20.
473 2801 717 2867 Mandatum
744 2802 882 2881 dictum,
914 2801 998 2885 quod
1021 2801 1097 2865 olim
1119 2801 1153 2864 in
1176 2801 1343 2866 commisso

175 2907 305 2991 negotio
327 2907 409 2972 alter
431 2907 525 2972 alteri
547 2929 677 2972 menum
701 2907 808 2972 dabat.

259 3010 290 3076 V
310 3011 362 3090 24,
383 3011 434 3075 25.
469 3010 658 3076 Donatio
681 3015 729 3075 est
751 3010 920 3075 cuiuslibet
941 3011 988 3076 rei
1010 3011 1199 3088 transacti03
1224 3011 1342 3076 dictam

176 3119 281 3179 autem
306 3115 415 3180 dicunt
446 3116 648 3181 donationem
671 3116 762 3200 quasi
784 3116 859 3181 doni
882 3116 1048 3194 actionem,
1071 3121 1103 3183 et
1124 3118 1230 3183 dotem
1253 3119 1343 3201 quasi

176 3221 226 3284 ‘do
250 3220 348 3284 item’.
394 3219 602 3288 Praecedente
625 3221 766 3286 enimin
780 3221 901 3306 nuptiis
928 3223 1097 3287 donatione
1119 3223 1174 3287 dos
1190 3222 1342 3306 sequitur.

175 3327 225 3392 26.
250 3324 335 3390 Nam
351 3325 500 3410 antiquus
515 3327 700 3411 nuptiarum
716 3330 785 3392 erat
800 3327 890 3405 ritus,
914 3328 998 3412 quod
1015 3350 1048 3393 se
1064 3327 1197 3392 maritus
1213 3331 1245 3392 et
1261 3351 1341 3392 uxor

171 3430 307 3495 invicem
329 3432 493 3510 emebant,
524 3453 564 3496 ne
586 3431 745 3496 videretur
768 3454 847 3496 uxor
870 3432 994 3512 ancilla,
1024 3431 1106 3497 sicut
1128 3432 1281 3497 habemus
1306 3433 1339 3496 iu

169 3536 247 3599 iure.
293 3534 370 3600 Inde
400 3539 464 3614 est,
497 3536 581 3620 quod
604 3537 807 3620 praecedente
833 3538 1003 3602 donatione
1034 3537 1095 3602 viri
1118 3521 1261 3620 sequitur
1284 3537 1339 3601 dos

172 3641 289 3706 uxoris.
336 3641 388 3705 27.
423 3641 561 3706 Donatio
583 3642 820 3706 usufructuaria
851 3642 921 3707 ideo
945 3641 1078 3721 dicitur,
1110 3641 1185 3726 quia
1208 3642 1342 3706 donator

169 3767 206 3810 ex
240 3767 276 3809 ea
302 3745 533 3811 usumfructum
564 3746 666 3811 adhuc
695 3749 811 3811 retinet
842 3752 984 3826 servato,
1017 3747 1068 3811 cui
1099 3746 1251 3811 donatum
1282 3752 1340 3826 est,

172 3850 249 3914 iure.
298 3850 347 3913 28.
395 3850 534 3917 Donatio
563 3852 682 3917 directa
713 3853 784 3917 ideo
815 3855 1034 3938 nuncupatur,
1068 3851 1142 3935 quia
1165 3854 1197 3916 et
1219 3851 1287 3916 iure
1310 3855 1342 3916 et

170 3977 230 4018 usu
264 3955 374 4019 statim
405 3955 521 4020 transit
554 3957 587 4020 in
611 3957 762 4036 alterum,
794 3978 851 4021 nec
874 3956 960 4020 ultra
982 3954 1055 4020 inde
1077 3955 1198 4039 aliquid
1230 3955 1269 4019 ad
1291 3956 1340 4021 ius

168 4059 332 4124 donatoris
355 4064 565 4144 retorquetur.

256 4162 288 4227 V
305 4164 356 4242 24,
373 4165 425 4230 30.
464 4162 702 4248 Stipulatio
725 4169 773 4230 est
788 4167 954 4250 promissio
977 4166 1029 4230 vel
1043 4167 1180 4250 sponsio,
1204 4167 1286 4230 unde
1309 4172 1340 4232 et

169 4267 377 4351 promissores
401 4270 604 4353 stipulatores
626 4276 792 4346 uocantum
817 4272 901 4336 diota
923 4276 1029 4336 autem
1053 4271 1219 4355 stipulatio
1240 4295 1259 4335 a
1281 4273 1339 4336 sti-

168 4371 264 4457 pula:
292 4375 411 4437 veteres
434 4373 529 4451 enim,
553 4376 678 4458 qnando
701 4375 762 4439 sibi
785 4374 905 4458 aliquid
927 4375 1166 4458 promittebant,
1188 4375 1338 4458 stipulam
