3190 5148
281 349 344 414 368
816 342 922 398 Fatua

279 521 475 606 quadranti
496 519 609 606 bigati.
655 519 861 603 Quinquessis
885 518 970 602 [item
991 519 1111 582 nolebat
1132 521 1326 600 quinarium.
1363 519 1454 585 Idem

281 625 402 710 aanor]
426 629 474 690 est
497 647 664 690 nnmerum
688 623 770 687 aeris
792 619 993 708 perduct[um
1015 621 1144 686 ascend
1159 623 1256 685 XVI
1273 625 1309 686 ia
1323 623 1455 687 damno

282 732 344 815 iope
365 729 548 814 Fln]minia
570 729 674 793 minus
696 728 848 806 solvendi,
875 727 957 811 [cum
971 726 1168 792 Hannibalis
1190 728 1266 792 bello
1285 727 1456 810 premere]-

281 839 336 900 tur
356 835 493 920 populus
515 833 706 900 Romanus¹.
750 833 790 897 F.
812 837 887 898 347.

278 939 527 1005 Sestertins
549 939 666 1004 dicitur
688 941 804 1023 quarta
825 959 899 1022 pars
922 937 1053 1016 denarii,
1083 959 1147 1021 quo
1169 941 1312 1022 tempore
1332 936 1377 1001 is’
1400 938 1456 1009 de·

281 1044 396 1110 cussis³
420 1045 557 1124 valebat,
580 1045 612 1108 id
635 1048 684 1110 est
705 1043 887 1128 dupundius
909 1042 1031 1109 semis⁴.
1075 1043 1115 1108 F.
1138 1048 1212 1108 334.
1257 1044 1312 1124 (P.
1335 1045 1425 1126 335.)

281 1149 313 1216 ‘S
323 1151 604 1236 exagenarios
629 1150 678 1235 [de
687 1150 791 1232 poute'
802 1150 1004 1232 prouerbium
1019 1149 1084 1232 est]
1107 1149 1196 1214 cuius
1211 1171 1339 1214 causam
1351 1145 1456 1212 Mani-

280 1253 355 1342 [lias
377 1255 457 1320 lianc
480 1255 584 1339 reffert,
609 1254 691 1337 quod
712 1254 863 1336 Roaiam]
887 1253 941 1339 qui
963 1253 1156 1318 incoluerint
1179 1255 1298 1337 [pram
1320 1291 1363 1301 —
1385 1251 1455 1340 b]o·

281 1360 399 1425 minem
421 1359 477 1424 LX
501 1361 671 1444 [nunonem
691 1397 735 1407 -
757 1359 938 1443 immolor]e
959 1358 1028 1423 Diti
1050 1359 1137 1442 patri
1160 1356 1348 1446 quot[unnis
1370 1359 1455 1423 soliti

273 1465 423 1549 fueruit]
448 1465 531 1550 quod
554 1463 657 1529 iacere
679 1485 732 1528 eos
754 1463 922 1548 de[stitisse
943 1464 1075 1528 aduentu
1096 1463 1279 1547 Her]oulis;
1303 1465 1357 1528 sed
1379 1464 1452 1528 reli-

279 1570 426 1656 gion[nis
448 1571 657 1636 observatione
673 1573 783 1650 postca
804 1570 955 1654 sc]irpeas
970 1569 1137 1633 hominum
1154 1569 1290 1653 effipia
1312 1568 1349 1634 de
1359 1573 1455 1650 ponte

283 1677 319 1740 in
344 1675 481 1740 Titana
502 1675 646 1758 manno]
670 1675 763 1740 modo
785 1675 913 1740 mittere
937 1675 1127 1759 [instituisse.
1165 1672 1237 1738 Alii
1257 1674 1364 1738 dicunt
1386 1674 1453 1756 cd]

172 1806 185 1826 ·
284 1817 324 1828 -
350 1779 432 1846 Sunt
454 1780 510 1866 qui
532 1780 639 1846 dicant
660 1783 733 1864 post
755 1780 867 1845 urbem
890 1803 909 1844 a
931 1778 1032 1845 Gallis
1054 1777 1233 1867 liberatam,
1256 1779 1297 1843 ob
1312 1777 1453 1862 inopiam

284 1885 407 1951 cibatus
430 1889 557 1970 coeptos
581 1885 749 1971 sexaginta
772 1908 928 1951 annorum
951 1886 1095 1951 homines
1117 1885 1179 1950 iaci
1198 1885 1232 1948 in
1247 1883 1390 1949 Tiberim
1401 1920 1452 1946 -.

283 1989 344 2056 Sed
367 1990 657 2076 exploratissimum
680 1991 759 2056 illud
782 1996 830 2057 cst
851 2013 972 2071 causae,
996 2013 1059 2077 quo
1081 1994 1223 2074 tempore
1244 1990 1385 2073 primurn
1399 2009 1453 2072 per

282 2099 412 2180 pontem
434 2100 607 2180 coeperunt
629 2097 766 2162 comitiis
788 2097 978 2183 suffragium
1000 2097 1093 2177 ferre,
1118 2096 1256 2161 iuniores
1279 2095 1454 2159 conclama-

283 2204 407 2281 verunt,
430 2204 467 2265 ut
490 2201 528 2266 de
550 2204 647 2286 ponte
669 2201 865 2266 deicerentur
887 2201 1082 2286 sexagenari,
1106 2201 1181 2286 quia
1202 2201 1267 2264 iam
1281 2199 1371 2265 nullo
1394 2222 1454 2283 pu-

284 2305 367 2371 blico
390 2328 520 2371 munere
542 2305 762 2392 fungerentur,
786 2311 823 2371 ut
845 2307 907 2391 ipsi
928 2309 1035 2391 potius
1058 2307 1130 2388 sibi,
1155 2329 1249 2391 quam
1272 2305 1322 2370 illi
1336 2304 1453 2390 delige·

283 2415 354 2477 rent
376 2410 599 2496 imperatorem
621 2449 674 2477 —.
721 2411 760 2476 F.
783 2417 858 2478 334.

283 2513 360 2582 Sex
390 2515 458 2582 suf
464 2516 480 2582 f
488 2518 608 2602 ragio
638 2517 840 2602 appellantur
869 2516 903 2581 in
927 2517 1071 2601 equitum
1094 2518 1255 2598 centuriis,
1279 2519 1456 2602 quaesunt

284 2619 440 2687 adiectae⁶
463 2621 492 2687 ei
515 2644 646 2688 numero
669 2621 900 2704 centuriarum,
933 2645 1012 2707 quas
1035 2621 1161 2687 Priscus
1184 2621 1378 2706 Tarquinius
1400 2643 1454 2686 rex

285 2726 462 2792 constituit.
507 2726 546 2791 F.
569 2732 642 2793 334.

285 2829 362 2898 Sex
385 2829 545 2898 Vestae
577 2834 753 2898 sacerdotes
779 2833 970 2898 constitutae
993 2836 1077 2914 sunt,
1101 2836 1138 2897 ut
1158 2833 1293 2917 populus
1315 2854 1374 2917 pro
1396 2855 1453 2897 sua

288 2959 413 3022 quaque
435 2941 526 3021 parte
548 2936 680 3004 haberet
701 2939 881 3004 ministram
896 2961 1066 3019 sacrorum,
1090 2939 1165 3024 quia
1180 2939 1292 3004 civitas
1308 2937 1454 3003 Romana

359 3111 385 3179 1)
404 3111 478 3168 Plus.
497 3112 521 3167 b.
535 3129 561 3167 n.
580 3115 766 3180 33,3,44-47.·
784 3113 941 3181 Argentum
954 3111 1098 3181 signatum
1116 3116 1158 3167 cst
1171 3131 1196 3167 a.
1207 3131 1233 3169 u.
1244 3109 1454 3167 dccccxxxv

289 3227 331 3262 -,
351 3200 380 3254 et
398 3199 505 3269 placuit
523 3198 669 3255 denarium
686 3217 737 3270 pro
757 3200 780 3254 X
799 3200 877 3254 libris
897 3199 975 3264 aeria
996 3199 1157 3268 quinarium
1175 3218 1226 3270 pro
1246 3201 1278 3265 V,
1297 3199 1454 3255 sestertium

288 3303 340 3356 pro
364 3286 505 3357 dupondio
533 3304 565 3343 ac
587 3288 704 3343 semisse.
741 3287 854 3342 Librala
877 3290 972 3342 autam
990 3287 1098 3356 pondus
1122 3287 1193 3342 aeris
1211 3286 1394 3341 imminutum
1412 3289 1453 3342 est

287 3374 362 3431 ballo
380 3374 483 3433 Punico
499 3375 597 3445 primo,
616 3406 649 3416 -
669 3376 915 3445 constitutumque,
934 3377 967 3430 ut
980 3393 1053 3430 assas
1066 3377 1239 3432 sextantario
1256 3376 1378 3446 pondere
1392 3375 1454 3431 feri·

287 3463 392 3518 rentur.
412 3491 443 3503 -
465 3462 564 3519 Postea
583 3463 743 3519 Hannibale
762 3464 879 3534 urgente
898 3462 928 3528 Q.
941 3461 1027 3518 Fabio
1046 3463 1168 3518 Maximo
1188 3462 1325 3520 dictatore
1345 3469 1418 3533 (aa.
1432 3482 1453 3520 c.

286 3551 348 3618 537)
368 3565 441 3604 asses
460 3550 583 3606 unciales
601 3550 678 3616 facti,
697 3550 858 3621 placuitque
876 3550 1022 3607 denarium
1041 3551 1159 3606 sedecim
1172 3551 1278 3606 assibus
1293 3551 1455 3621 permutari,

286 3635 447 3706 quinarium
466 3640 536 3703 oot0,
557 3639 715 3694 sestertium
728 3641 870 3709 quattuor.
897 3669 919 3679 -
942 3639 1007 3694 Mox
1018 3639 1080 3708 lege
1093 3636 1207 3707 Papiria
1225 3641 1331 3703 (addi)
1350 3657 1455 3694 semun-

289 3721 368 3777 ciarii
389 3740 461 3779 asses
479 3723 556 3779 facti.
582 3724 677 3780 Livius
691 3725 795 3778 Drusus
813 3724 843 3778 in
857 3724 1006 3780 tribunatu
1018 3723 1107 3795 plebis
1126 3726 1162 3793 (a.
1174 3727 1236 3789 663)
1249 3727 1380 3781 octavam
1393 3743 1455 3796 par·

288 3813 344 3866 tem
364 3809 436 3866 aeris
455 3813 573 3882 argento
587 3812 705 3870 miscuit.
731 3813 757 3867 Is
775 3812 823 3882 qui
834 3831 908 3868 nunc
920 3813 1085 3869 victoriatus
1097 3813 1266 3883 appellatur,
1286 3813 1349 3883 lege
1359 3813 1455 3870 Clodia

286 3905 318 3966 (c.
338 3916 362 3953 a.
382 3901 444 3968 660)
463 3915 606 3970 percussus
624 3901 674 3955 est.
711 3900 803 3955 Antea
822 3900 867 3954 hio
885 3901 959 3955 enim
978 3918 1107 3955 nummus
1134 3918 1167 3955 ax
1184 3900 1298 3970 illyrico
1324 3903 1455 3957 advectus

286 3985 382 4041 mercis
401 3985 459 4042 loco
477 3985 643 4041 habebatur.
673 3987 722 4042 Est
740 3989 835 4042 autem
849 3987 978 4058 signatus
988 3987 1122 4044 Victoria.
1141 3989 1229 4044 Maec.
1242 3991 1310 4044 assir
1321 3991 1397 4044 distr.
1409 3993 1455 4044 45:

287 4071 457 4129 victoriatus
476 4089 549 4127 nunc
561 4073 728 4130 tantundem
742 4075 827 4139 valet,
847 4077 985 4144 quantum
1000 4071 1153 4144 quinarius,
1166 4075 1234 4131 olim
1245 4076 1348 4132 -loco
1360 4077 1456 4133 mercis

286 4189 321 4200 —
339 4157 503 4214 habebatur.
544 4159 584 4230 Of.
605 4161 678 4227 Ma,
696 4167 763 4217 rdm.
782 4162 952 4218 Manrwecea
965 4181 994 4232 p.
1012 4165 1162 4220 288-308.
1173 4167 1232 4218 338.
1243 4168 1394 4233 387-400,
1412 4165 1458 4235 qui

288 4247 434 4302 aamdooit
445 4249 625 4318 sippbmeatu
635 4251 767 4306 Maeliani.
790 4281 817 4291 —
840 4251 867 4321 2)
885 4250 928 4305 his
941 4251 996 4306 cod.
1016 4281 1049 4290 -
1069 4253 1096 4319 3)
1115 4251 1222 4306 decusis
1235 4252 1290 4308 cod.
1310 4283 1344 4293 -
1362 4255 1390 4323 4)
1408 4253 1455 4307 du·

287 4333 407 4404 pundius
427 4335 482 4390 cod.
510 4337 539 4390 ia
552 4336 624 4406 folio
641 4344 757 4394 canaan
781 4340 901 4408 (aaran
918 4338 1026 4408 dilicit),
1051 4338 1206 4408 dupondius
1226 4342 1254 4394 et
1273 4341 1453 4396 semistertius

286 4419 386 4490 (cicG3
404 4420 484 4477 semis
498 4423 661 4489 mutellae.)
675 4425 786 4481 Paulus.
806 4457 837 4465 —
858 4428 885 4497 5)
905 4426 1032 4482 adfectae
1051 4427 1107 4482 cod.
