3184 5156
194 287 284 408 Ι2
618 285 948 413 'Iegesmgiaa

261 520 449 605 praecipuus
470 517 598 585 Servius
621 518 746 584 Tullius
769 523 896 584 sanctor
916 520 1026 605 legum
1048 520 1121 602 fuit,
1144 523 1329 606 quinetiam
1345 547 1436 610 reges

262 625 527 710 obtemperarent.
572 627 601 691 3.
637 624 742 691 dicero
766 625 967 710 (Tusc.4,1):
990 649 1062 690 cum
1085 649 1104 690 a
1125 629 1230 712 primo
1250 630 1340 694 urbis
1363 635 1436 695 ortu

261 731 358 815 regiis
381 731 548 812 institutis,
571 732 690 815 partim
712 731 810 796 etiam
825 731 950 817 legibus
965 733 1115 816 auspicia,
1138 735 1356 814 caerimoniae,
1380 757 1434 799 co-

259 835 360 918 mitia,
372 837 620 921 provocationes,
633 875 677 883 —
688 841 758 902 tota
769 859 819 902 res
834 837 983 902 militaris
995 838 1148 903 divinitus
1160 843 1242 904 esset
1256 840 1432 904 constituta

259 947 310 1008 cu.
356 944 386 1010 4.
411 942 588 1026 Dionysius
611 942 757 1030 (2‚24).·¹
779 943 899 1017 ἐκεῖνος
922 943 954 1028 (ὁ
977 941 1154 1026 Ῥωμύλος)
1177 943 1291 1026 νόμους
1313 943 1434 1018 καλοὺς

261 1083 302 1095 -
320 1047 484 1132 ἀγράφους
507 1049 562 1132 μέν
584 1051 658 1123 τοὺς
680 1047 857 1129 πλείστους,
881 1049 946 1111 ἔστι
961 1045 989 1111 δ’
1003 1049 1057 1122 οὓς
1079 1050 1135 1110 καί
1150 1048 1182 1112 ἐν
1197 1049 1359 1133 γροίμμοισι
1373 1071 1435 1113 κει-

260 1150 380 1237 μένους,
403 1153 682 1238 καταστησάμενος
704 1152 775 1220 κτλ.
821 1155 851 1219 5.
874 1152 973 1218 Dion.
997 1152 1143 1240 (2,27).·2
1175 1161 1284 1217 τοῦτον
1306 1156 1359 1216 τὸν
1383 1155 1432 1216 νό-

260 1277 317 1341 μον
341 1257 393 1342 (de
414 1257 482 1324 filio
504 1258 681 1345 vendendo)
704 1297 747 1306 -
770 1280 788 1322 ο
823 1258 959 1344 βασιλεῖς
983 1257 1155 1341 ἐφύλαττον
1177 1261 1239 1322 είτε
1253 1258 1432 1342 γεγραμμέ-

257 1381 311 1427 νον
340 1364 402 1427 είτε
433 1365 590 1447 ἄγραφον,
620 1365 657 1428 οὐ
683 1367 746 1448 γὰρ
770 1365 836 1449 έχιυ
868 1365 904 1427 τδ
927 1365 1025 1446 σαφὲς
1048 1364 1143 1426 εἰπεῖν
1165 1362 1234 1426 κτλ.
1279 1365 1309 1428 6.
1333 1363 1431 1429 Βίου.

258 1466 466 1556 (2,73-4):³
489 1471 529 1531 τὰ
542 1469 597 1552 μέν
610 1505 652 1516 -
664 1469 736 1551 περί
751 1469 787 1531 τδ
806 1467 896 1532 θεῖον
910 1466 1168 1552 νομοθετηθέντα
1183 1466 1243 1530 ὑπὸ
1259 1474 1313 1531 τοῦ
1328 1465 1431 1551 Νομᾶ,

259 1609 300 1621 --
323 1575 363 1636 τὰ
386 1574 441 1657 μὲν
463 1572 634 1657 ἐγγράφοις
655 1571 892 1657 περιληφθέντα
914 1573 1028 1656 νόμοις,
1051 1574 1091 1635 τὰ
1114 1568 1142 1635 δ’
1164 1570 1224 1650 ἔξω
1243 1583 1367 1658 γραφῆς
1389 1574 1432 1649 εἰς

262 1677 471 1763 ἐπιτηδεύσεις
502 1676 645 1762 ἀχθέντα
674 1678 730 1740 καί
760 1677 968 1762 συνασκήσεις
996 1677 1140 1762 χρονίους
1163 1677 1232 1744 κτλ
1279 1679 1307 1745 7.
1332 1677 1431 1744 Dina.

258 1784 363 1868 (3,36)
372 1780 399 1847 :⁴
420 1781 541 1867 χαλκαῖ
559 1821 599 1831 -
616 1784 704 1846 οὔπω
727 1782 840 1867 στῆλαι
861 1784 933 1847 τότε
955 1785 1046 1868 ἦσαν,
1071 1780 1142 1846 ἀλλ’
1157 1783 1189 1847 ἐν
1205 1782 1340 1866 δρυΐναις
1357 1784 1431 1867 ἐχα-

258 1886 407 1971 ράττοντο
437 1886 554 1951 σανίσιν
586 1890 618 1952 od
643 1909 678 1951 τε
707 1888 797 1972 νέμοι
813 1889 881 1952 ,καί
907 1888 940 1952 αἱ
961 1889 1032 1972 περί
1053 1897 1115 1952 τῶν
1139 1888 1228 1972 ἱερῶν
1251 1889 1430 1973 διαγραφαί.

257 1992 286 2059 8.
319 1991 417 2058 Dion.
441 1992 592 2080 (2‚73):⁵
622 1993 845 2077 νομοθετοῦσιν
875 1992 918 2079 (οἱ
940 1993 1131 2081 ποντίφικες)
1163 1996 1222 2058 ὅσα
1251 2005 1312 2060 τῶν
1337 1994 1426 2078 ἱερῶν

256 2099 386 2182 ἄγραφα
414 2099 490 2162 ὄντα
517 2099 573 2162 καί
595 2099 760 2182 ἀνέθιστα,
793 2099 951 2182 κρίνοντες
982 2102 1063 2163 δᾶν
1086 2099 1245 2184 ἐπιτήδεια
1267 2099 1430 2184 τυγχοίνειν

257 2203 363 2278 αὐτοῖς
386 2203 496 2289 φανείη
519 2203 621 2288 νέμων
643 2226 677 2269 τε
699 2206 755 2268 καί
777 2204 925 2288 ἐθισμῶν.
971 2206 1001 2270 9.
1024 2205 1137 2270 Ia'eiue
1153 2206 1251 2290 (6‚1).·
1274 2204 1428 2289 (litterae)

255 2308 352 2374 etiarn
380 2309 407 2373 si
431 2309 567 2394 quaein
590 2310 824 2375 commentariis
847 2310 1034 2395 pontificum
1057 2309 1190 2393 aliisque
1211 2308 1347 2393 publicis
1361 2309 1429 2392 pri-

256 2414 403 2499 vatisque
434 2419 526 2480 erant
556 2415 785 2496 monumentis,
817 2415 945 2480 incensa
968 2416 1000 2497 (a
1024 2412 1137 2496 Gallis)
1160 2413 1239 2477 urbe
1261 2413 1429 2497 pleraeque

253 2519 411 2584 interiere.
436 2557 478 2570 —-
501 2519 695 2605 (insequenti
718 2540 802 2583 anno
825 2517 947 2583 tribuni
961 2517 1113 2599 militum)
1137 2515 1263 2581 foedera
1279 2539 1315 2580 ae
1329 2517 1427 2602 leges,

254 2627 346 2689 erant
368 2628 475 2690 autem
498 2647 552 2690 eae
574 2622 638 2689 XII
660 2623 789 2688 tabulae
811 2626 844 2688 et
866 2622 1020 2707 quaedam
1042 2621 1149 2706 regiae
1164 2619 1260 2706 leges,
1283 2622 1428 2706 conquiri

255 2749 337 2812 quae
357 2751 422 2794 non
445 2732 666 2814 comparerent
686 2730 863 2803 iusserunt;
888 2727 951 2791 alia
974 2749 1012 2792 ex
1034 2727 1079 2791 eis
1095 2726 1179 2790 edita
1194 2727 1290 2790 etiam
1306 2727 1340 2791 in
1355 2727 1427 2792 vul-

254 2853 332 2919 gus,
365 2857 446 2920 quae
468 2839 575 2901 autern
605 2836 645 2900 ad
666 2856 756 2899 sacra
778 2831 981 2917 pertinebant
1012 2830 1256 2914 apontificibus
1280 2833 1427 2914 maxime,

254 2942 292 3004 ut
314 2939 469 3026 religione
492 2940 663 3006 obstrictos
685 2939 840 3004 haberent
861 2938 1076 3002 multitudinis
1093 2937 1225 3018 animos,
1248 2960 1424 3022 suppressa.

339 3042 403 3110 Ius
441 3044 730 3129 Papirianum.
789 3044 839 3106 10.
878 3040 1031 3123 Pompoa.
1059 3043 1171 3106 οκολίν.
1199 3041 1424 3129 (1).1,2,2,2);

253 3170 362 3214 omnes
386 3147 486 3233 (leges
509 3149 629 3234 regiae)
653 3147 849 3230 conscriptae
872 3149 999 3211 exstant
1020 3147 1054 3210 in
1076 3146 1159 3212 libro
1182 3147 1269 3212 Sexti
1293 3147 1424 3233 Papirii,

253 3255 309 3340 qui
331 3254 394 3318 fuit
424 3253 489 3318 illis
511 3253 724 3338 temporibus,
757 3252 873 3337 quibus
896 3249 1057 3336 Superbus
1080 3251 1245 3316 Demarati
1268 3251 1425 3316 Corinthii

252 3359 352 3440 filius,
385 3381 423 3423 ex
445 3358 676 3444 principalibus
702 3357 796 3436 viris;
829 3358 857 3421 is
880 3357 961 3421 liber
983 3393 1026 3403 -
1049 3356 1230 3441 appellatur
1260 3357 1309 3422 ius
1334 3358 1425 3422 civile

251 3463 468 3550 Papirianum,
491 3485 555 3528 non
579 3464 654 3550 quia
669 3463 816 3548 Papirius
841 3462 879 3527 de
896 3483 952 3526 suo
969 3463 1138 3547 quicquam
1160 3461 1207 3526 ibi
1222 3461 1347 3544 adiecit,
1370 3463 1424 3527 sed

323 3641 349 3710 l)
367 3639 426 3710 (ille
443 3639 520 3708 leges
531 3639 668 3708 egregias,
687 3635 813 3691 maxima
831 3636 958 3705 exparte
975 3652 1032 3689 non
1047 3635 1173 3706 scriptas,
1191 3634 1342 3691 nonnullas
1354 3650 1420 3690 vero

251 3728 339 3804 etiam
351 3727 457 3783 litteris
476 3725 657 3795 consignatas
668 3725 846 3795 proponens.)
866 3755 900 3762 -
918 3725 945 3792 2)
959 3723 1043 3790 (hane
1054 3723 1146 3793 legem
1159 3723 1268 3792 (defilio
1279 3721 1423 3790 υονιιίοκιίο)

251 3832 332 3886 reges
350 3816 505 3871 tuebantur
523 3815 582 3870 sive
601 3814 735 3884 scriptam
762 3811 820 3866 sive
837 3829 894 3866 non
912 3810 1059 3880 scriptam,
1090 3810 1133 3865 nil
1150 3810 1220 3864 certi
1239 3807 1313 3863 enim
1331 3808 1422 3864 habeo

251 3903 361 3973 dicere.)
389 3902 431 3973 Os.
451 3902 529 3958 Rom.
539 3906 581 3956 10.
600 3931 634 3942 -
652 3901 680 3968 3)
700 3901 783 3968 (quae
801 3897 897 3953 Numa
915 3899 949 3952 de
967 3898 1050 3953 rebus
1068 3897 1171 3951 divinis
1184 3893 1375 3961 constituerat,
1389 3924 1424 3934 —

250 3990 359 4062 partim
377 3990 488 4060 legibus
507 3989 618 4059 scriptis
637 3986 845 4056 comprehensa,
867 3985 975 4055 partim
993 3985 1052 4039 sine
1071 3983 1182 4052 scriptis
1200 3982 1231 4036 in
1249 3981 1424 4036 consuetudi-

250 4079 362 4133 namet
381 4094 462 4132 usum
485 4076 656 4148 longaevum
675 4074 828 4143 conversa.)
848 4104 883 4113 -
900 4075 928 4142 4)
948 4072 1083 4142 (aheneae
1096 4072 1243 4126 columnae
1255 4067 1380 4124 nondum
1393 4069 1424 4123 in

250 4166 390 4220 uentano
409 4166 499 4235 erant,
519 4163 567 4220 sed
585 4164 616 4218 in
634 4161 757 4220 roboreis
775 4161 883 4215 tabulis
901 4160 1100 4214 incidebantur
1117 4159 1146 4212 et
1159 4157 1235 4226 leges
1247 4157 1276 4210 et
1289 4155 1324 4210 de
1336 4157 1422 4210 saeris

249 4255 421 4326 praecepta.)
444 4284 480 4293 -
496 4254 524 4324 5)
543 4253 630 4325 (leges
649 4252 721 4306 dant
739 4250 762 4304 si
780 4248 849 4319 quid
873 4265 1015 4304 sacrorum
1033 4261 1084 4300 nec
1101 4244 1212 4314 scriptis
1230 4259 1281 4297 nec
1299 4243 1424 4318 moribus

252 4341 481 4412 comprehensum
500 4342 551 4407 est,
571 4339 767 4406 diiudicantes,
785 4353 925 4408 quaenam
943 4336 1020 4404 leges
1038 4335 1067 4389 et
1079 4331 1291 4388 consuetudines
1308 4330 1426 4388 idoneae
1465 4379 1467 4383 .
1583 4378 1584 4383 ,

250 4429 397 4486 habendae
417 4428 495 4500 sint.)
