3214 5168
606 357 738 428 Apochae
758 357 952 429 Pompeianae.

655 587 810 659 CAPUT
838 591 902 662 IX.

501 743 708 825 ΑΡΟΒΗΑΕ
736 745 1048 831 coaretatur

605 920 635 974 Α.
661 920 788 987 apochae
807 921 942 988 privatae.

310 1045 336 1113 1.
373 1045 674 1112 Professiones
697 1048 738 1111 in
760 1050 1022 1132 scripturam
1044 1051 1250 1118 collatae².

272 1183 307 1251 P.
334 1185 379 1254 l.³
419 1188 678 1272 Diplyehon¹
698 1212 726 1253 a.
753 1190 792 1254 15
816 1213 846 1274 p.
870 1189 903 1256 C.
949 1190 1116 1274 Scriptura
1137 1195 1294 1260 interior4.

272 1289 337 1355 Hs,
361 1314 392 1355 n.
417 1291 508 1356 DXX
540 1294 580 1357 ob
604 1294 726 1358 mulum
754 1292 759 1380 Ι
786 1295 948 1360 venditum
982 1297 1058 1380 [M]
1082 1297 1258 1383 Pomponio
1285 1303 1289 1386 1
1313 1301 1357 1366 M.

187 1396 329 1480 labens)
353 1395 487 1478 Niconi,
519 1420 616 1482 quam
638 1401 809 1484 poquniam
829 1399 833 1485 l
854 1403 888 1465 in
911 1403 1098 1486 stipulatum
1123 1405 1189 1488 [L]
1214 1404 1329 1470 Caecili
1354 1405 1357 1493 i

186 1501 300 1567 Felicis
330 1503 488 1588 redegisse
512 1504 627 1568 dicitur
654 1501 659 1592 l
686 1504 730 1569 M.
755 1504 915 1572 Cerrinius
938 1508 1106 1592 Eupraies,
1135 1511 1140 1591 Ι
1168 1534 1237 1576 eam
1259 1533 1359 1596 pequ-

276 1661 300 1731 l)
320 1660 571 1730 Pompeianam
592 1662 659 1715 aare
681 1661 768 1730 lrpnea
790 1669 892 1717 amatas
910 1664 1017 1718 tobalea
1034 1668 1170 1721 continens
1193 1667 1290 1736 effossa
1321 1675 1360 1722 est

182 1751 212 1802 in
231 1749 351 1802 cabionlo
369 1747 484 1816 qaedam
501 1747 608 1816 domas,
627 1749 794 1816 praefuisse
811 1750 915 1804 oidetar
934 1750 967 1806 L.
989 1751 1089 1807 Caecili
1107 1754 1232 1810 Iaamdi.
1268 1757 1304 1809 In
1328 1773 1358 1809 ea

179 1836 296 1905 sacrant
321 1835 448 1904 diptycho
470 1852 530 1903 sea,
559 1836 694 1905 aipasclm
712 1835 826 1901 CXXI,
849 1838 926 1891 anlde
949 1841 1046 1893 mntila
1072 1858 1103 1895 ea
1120 1843 1181 1911 fere
1205 1845 1295 1897 arania
1321 1861 1359 1898 ce-

182 1940 266 1992 ropae
291 1925 398 1978 sableta
422 1925 452 1977 in
472 1923 618 1993 81818888,
645 1925 686 1978 ita
708 1930 796 1978 tamen
821 1931 852 1978 nt
874 1926 977 1981 litterae
994 1933 1050 1982 tom
1067 1931 1129 1984 stilo
1154 1948 1228 1986 corae
1251 1933 1358 2000 impres

182 2029 228 2067 sae
254 2029 334 2080 qnam
360 2017 509 2066 amaranto
529 2013 673 2080 inscriptae
699 2013 771 2082 lipno
797 2029 853 2066 non
871 2031 985 2082 prorsas
998 2017 1137 2084 perierint.
1172 2019 1213 2072 Et
1234 2036 1267 2073 ea
1284 2037 1359 2075 seca-

181 2101 258 2169 pinto
282 2100 386 2168 pardem
411 2099 551 2168 mptpcltis
578 2115 633 2152 non
660 2105 802 2168 separant
828 2102 883 2154 nisi
906 2103 1016 2156 nomina
1038 2105 1218 2174 spnatmnm,
1243 2109 1360 2177 reliqnae

181 2192 270 2239 antem
292 2186 399 2240 tobnlae
420 2187 485 2255 plns
508 2186 597 2240 minas
621 2186 701 2239 lectae
724 2192 794 2240 sant.
830 2185 875 2240 Dc
891 2189 997 2242 ratione
1024 2191 1245 2254 confidendorum
1270 2195 1357 2265 dipty-

182 2273 291 2327 chorum
316 2279 342 2328 et
359 2275 432 2342 tript.
460 2290 544 2342 snpra
568 2274 667 2342 opimas
686 2291 715 2343 p.
733 2277 784 2327 231
801 2291 827 2329 n.
848 2277 871 2327 6.
911 2274 1053 2330 Continent
1075 2294 1164 2334 omnes
1181 2281 1231 2334 liae
1248 2282 1356 2336 talaiae

185 2363 301 2429 apochas
314 2363 445 2430 pecaniae
461 2362 565 2416 solatae
581 2379 599 2415 a
617 2361 740 2416 Iaoando
757 2368 806 2416 ant
819 2369 931 2431 propter
949 2366 1085 2420 ammones
1098 2384 1151 2435 pro
1171 2368 1234 2424 aliis
1250 2370 1359 2424 instita-

185 2454 227 2503 tas
245 2455 295 2503 ont
311 2466 344 2504 ec
362 2449 581 2504 condictionibus
605 2465 695 2503 rernm
716 2448 754 2502 od
770 2451 902 2503 coloniam
920 2450 1144 2519 Pompeianorwm
1157 2457 1357 2523 pertinentiam.

186 2568 218 2576 -
236 2537 323 2592 Edita
340 2543 403 2592 anni
420 2554 438 2591 a
457 2537 489 2592 (i.
512 2537 543 2590 de
561 2537 657 2604 Petro,
685 2537 709 2591 le
726 2539 848 2592 taoolette
866 2544 952 2592 cerate
969 2540 999 2592 di
1016 2540 1133 2610 Pompei,
1164 2543 1358 2599 Romae1876.

187 2625 412 2680 Ommnentorimn
429 2627 535 2694 scri'psd
553 2625 619 2692 Ma,
639 2625 750 2680 Hermes
767 2629 937 2693 12,88-141,
958 2644 1037 2696 paem-
1051 2631 1191 2698 repetitam
1208 2637 1233 2684 et
1250 2638 1358 2687 888888

182 2714 331 2782 publicarit
348 2715 378 2767 in
389 2712 518 2767 Giornale
535 2713 606 2782 depli
620 2714 695 2766 seori
711 2712 741 2766 di
750 2712 866 2782 Pompei.
885 2717 958 2768 1879.
976 2732 1005 2784 p.
1019 2721 1143 2772 70-115.
1172 2718 1286 2773 Addidit
1297 2720 1359 2772 XX

181 2803 322 2871 triptpclm
347 2803 485 2856 amimea
508 2802 542 2854 ob
560 2802 618 2868 ipso
642 2806 667 2854 et
685 2802 719 2854 ab
737 2801 772 2855 A.
793 2801 863 2855 Mac
880 2809 906 2856 et
924 2801 953 2857 G.
971 2804 1173 2873 Zaapemeister.
1211 2806 1357 2875 [Brnnnen

184 2905 233 2942 ear
251 2890 494 2959 Rechtspescltielite
517 2889 563 2942 der
580 2890 727 2944 rimisolten
747 2890 804 2942 nnd
818 2891 1018 2958 pamannelen
1041 2891 1186 2946 Urlnnden
1204 2893 1222 2946 1
1244 2911 1269 2946 a.
1288 2898 1358 2948 1880

182 2994 212 3045 p.
231 2982 281 3045 44‚·
298 2979 413 3046 E‘rman,
431 2995 480 3031 enr
498 2976 651 3032 Gesoliioltte
669 2979 716 3032 der
732 2979 880 3032 rimisclien
898 2979 1061 3048 Qnittnnpen
1077 2981 1136 3034 med
1153 2980 1357 3049 Solatiomacte‚

185 3065 281 3119 Berlin
299 3070 381 3134 1883,·
408 3067 507 3120 Honra
530 3069 560 3120 in
579 3066 799 3121 Graeciaetiano
818 3067 978 3136 ephemeride
1001 3068 1051 3121 ool.
1070 3070 1104 3120 12
1124 3085 1151 3136 p.
1169 3071 1230 3123 249.
1266 3069 1359 3124 Hnins

184 3152 308 3209 editionis
332 3172 413 3210 caasa
431 3155 625 3224 Zanpemerster
648 3161 737 3209 nostor
760 3155 844 3209 editor
866 3172 958 3209 earnm
970 3156 1086 3224 fntnrm
1110 3173 1178 3225 qaae
1195 3173 1244 3211 noa
1261 3159 1357 3226 recepi-

69 3278 71 3281 .
183 3256 242 3294 mas
261 3244 351 3296 omnia
369 3243 508 3312 dilipenter
525 3243 682 3310 recopnooit.
709 3241 758 3297 Tu.
778 3242 876 3312 M.]-
897 3243 1356 3313 8)]18818888888188888-

185 3343 247 3380 rmn
264 3329 428 3396 apocharam
444 3345 557 3398 pemmo:
580 3336 628 3384 ont
645 3331 713 3384 enim
731 3330 846 3384 creditor
863 3330 963 3385 dixisse
983 3331 1082 3384 dicitnr
1100 3349 1128 3386 se
1147 3333 1290 3401 accepisse,
1309 3339 1358 3387 nat

183 3415 239 3481 ipse
256 3416 362 3469 scri'bit:
380 3415 476 3484 scripsi
495 3433 539 3470 me
559 3417 701 3485 accepisse,
720 3423 770 3470 ont
786 3419 912 3471 interiore
929 3419 1064 3486 scriptura
1081 3418 1181 3474 dixisse
1206 3437 1268 3474 eum
1292 3421 1355 3490 lepi-

185 3507 238 3568 tnr,
256 3504 384 3556 citeriore
401 3505 457 3572 ipse
475 3503 608 3572 loquitar:
626 3503 722 3572 scripsi
740 3521 784 3558 me
803 3503 946 3572 accepisse.
973 3503 1100 3572 Apoclme
1117 3523 1184 3574 qaas
1201 3508 1257 3574 ipse
1273 3509 1355 3576 scrip-

182 3591 218 3643 sit
236 3590 412 3660 chiroproplra
430 3592 582 3660 appellatae
600 3598 671 3659 sant,
691 3598 790 3646 colace
804 3593 919 3660 proprio
937 3599 1028 3646 carent
1046 3595 1232 3662 appellatione.
1268 3595 1355 3664 Diffe-

181 3679 283 3732 rentiae
309 3696 391 3734 cocao
418 3680 500 3733 dnbio
527 3685 572 3734 est.
610 3680 666 3733 Mo.
695 3696 739 3734 ecs
763 3679 870 3735 tabulas
887 3680 983 3749 paibno
996 3680 1120 3748 formala
1138 3681 1210 3735 dixit
1233 3699 1261 3736 se
1279 3701 1354 3738 acce·

182 3764 255 3832 pisse
272 3767 348 3834 inest,
372 3767 584 3835 acceptilationes
601 3768 734 3822 continere
748 3773 838 3836 palat.
877 3767 977 3822 Contra
995 3785 1041 3838 epo
1059 3769 1196 3838 dapietaoi
1215 3772 1245 3824 in
1267 3771 1353 3825 Zaa.

183 3856 276 3917 13,362
293 3869 360 3923 seqq.
403 3854 513 3909 Videlmr
536 3856 603 3909 milii
620 3856 744 3924 formala
769 3857 819 3910 illa
844 3857 873 3909 id
890 3858 1024 3925 nepotinm
1047 3857 1211 3926 sipiificare,
1238 3858 1310 3926 qnod
1327 3859 1356 3911 in

182 3939 216 3994 L.
234 3944 266 3993 14
294 3940 322 3996 O.
348 3942 380 3995 de
405 3941 582 3998 solatiandos
609 3945 693 4011 (8‚42)
722 3943 895 3997 desmilitnr:
925 3943 1061 3998 Pecuniae
1088 3945 1196 4000 solutae
1223 3944 1356 4014 professio

182 4028 212 4095 (i.
233 4044 253 4082 e.
275 4045 368 4084 coram
388 4031 506 4084 testibus
524 4030 601 4084 facia
620 4030 764 4100 confessio)
783 4030 888 4086 collata
906 4030 1102 4096 instrumento,
1122 4048 1190 4099 qaae
1207 4033 1303 4100 gestae
1315 4032 1354 4084 rei

182 4116 380 4184 probationem
400 4118 541 4174 continere
559 4118 671 4186 dicitnr,¹
689 4119 757 4172 idem
774 4119 858 4187 ipitar
869 4123 915 4185 ost,
934 4117 1005 4186 qnod
1016 4134 1094 4187 saepe
1105 4121 1135 4172 in
1147 4119 1245 4172 tabulis
1257 4117 1354 4172 Trans-

182 4205 321 4258 silaanicir
344 4207 460 4259 occarrit
487 4206 587 4272 verbis,¹
614 4205 686 4258 dixit
706 4222 734 4259 so
754 4204 896 4273 accepisse,
926 4204 1034 4258 fatetur
1060 4223 1087 4260 se
1106 4206 1210 4262 locasse
1227 4211 1273 4260 oet.
1312 4206 1354 4275 Cf.

180 4306 266 4359 aspra
280 4308 310 4360 p.
329 4295 381 4346 256
392 4309 429 4362 sp.
450 4309 506 4362 cop.
520 4292 576 4345 III
588 4297 663 4360 1-4‚
682 4292 701 4345 1
706 4293 730 4346 V
744 4295 771 4359 2,
795 4292 825 4358 V,
849 4289 907 4344 V11
923 4294 972 4346 12.
991 4320 1021 4330 -
1041 4293 1069 4361 3)
1086 4293 1202 4346 Nnmeri
1213 4293 1358 4362 8181181188

182 4377 220 4432 ad
241 4379 380 4434 editionem
398 4379 431 4435 θ.
445 4380 477 4434 de
488 4379 571 4434 Petra
587 4386 713 4449 spectant.
732 4409 767 4419 —
784 4378 811 4448 4)
832 4377 953 4448 Papiriae
969 4385 1092 4432 eaternae
1109 4397 1191 4448 nepae
1207 4381 1356 4448 samtarae

186 4481 269 4534 nepae
286 4467 422 4536 89881818
439 4469 549 4536 oestipia
566 4467 669 4522 hadent.
1087 4537 1146 4598 18*
