3256 5154
597 347 698 402 sueta
714 347 885 416 praetorum.
1270 348 1332 414 207

247 528 279 592 b.
312 526 427 603 Quod
449 526 488 590 de
509 524 561 590 his
582 524 674 588 bonis
696 525 845 604 (quorum
861 521 1018 604 possessio
1041 541 1079 587 eos
1094 521 1189 587 edioto
1204 543 1271 588 meo
1287 523 1336 588 itu·

162 633 238 698 doto
259 633 336 717 est),
363 631 608 718 legatorum
631 629 759 693 nomine
781 650 845 693 non
868 627 1033 692 voluntate
1055 625 1173 710 (uuus)
1195 629 1336 712 possides

163 739 310 823 quodque
332 737 405 802 dolo
427 735 512 800 melo
533 733 638 798 fecisti
659 754 723 817 quo
738 731 843 796 minus
865 731 1050 817 possideres,
1073 732 1146 814 (id),
1170 733 1198 798 si
1216 733 1265 814 (eo
1280 755 1336 798 no-

162 843 259 926 mine)
282 841 473 907 satisdatum
495 844 543 906 ost
565 840 659 924 ei(oe)
682 861 738 923 per
763 837 884 920 (illrum)
906 859 971 902 non
997 840 1063 902 etet
1093 841 1130 902 ut
1155 838 1336 919 estimetur,

164 947 226 1030 (illi
247 947 437 1031 restituas)¹.

251 1073 276 1118 u
308 1051 438 1128 Quam
460 1047 876 1116 hereditatem2....

251 1157 281 1222 d.
316 1155 366 1222 Ne
388 1157 436 1222 vis
466 1155 525 1220 fist
555 1154 598 1233 ei,
631 1152 687 1237 qui
714 1153 901 1236 (leputorwm
922 1152 1148 1216 servandorum
1170 1155 1281 1233 ceusu)
1304 1154 1338 1218 in

166 1261 396 1345 possessionem
418 1261 532 1326 missus
556 1259 627 1324 erit.
672 1256 722 1322 Ne
745 1257 793 1322 vie
815 1255 873 1320 fiat
890 1255 928 1334 ei,
953 1277 1034 1340 quae
1055 1255 1186 1338 (ventris
1201 1259 1340 1339 neruiue)

167 1367 200 1431 in
224 1367 452 1450 possessionem
475 1365 573 1430 missa
594 1362 682 1430 erit³.

256 1493 281 1540 e.
317 1470 403 1547 Quas
425 1468 597 1536 tabulae
619 1467 734 1534 Lucius
750 1465 856 1532 Titius
879 1466 1062 1532 eduensem
1085 1468 1268 1533 testamenti
1291 1469 1341 1534 eui

170 1579 364 1662 pertinentes
392 1576 557 1661 reliquisse
588 1575 725 1655 rimetur,
756 1572 784 1638 si
812 1573 873 1638 hue
902 1594 997 1656 penes
1026 1575 1059 1636 te
1087 1577 1163 1637 eunt
1190 1578 1246 1638 uut
1269 1573 1341 1639 dolo

173 1682 258 1750 melo
281 1686 338 1750 tuo
359 1681 480 1750 fautum
502 1685 566 1760 est,
596 1686 633 1746 ut
655 1680 836 1748 desinerent
856 1699 937 1758 esse,
967 1677 1014 1742 itu
1037 1700 1088 1744 eus
1111 1678 1159 1742 illi
1181 1678 1340 1745 exhibeas.

170 1787 247 1852 item
269 1787 297 1852 si
319 1786 446 1854 libellus
468 1786 595 1854 aliudue
617 1785 693 1870 quid
708 1783 855 1852 relietum
879 1804 946 1849 esse
961 1782 1092 1865 dieetur,
1115 1783 1239 1850 decreto
1255 1807 1342 1850 eom·

169 1891 389 1976 prehendam⁴.

259 1997 295 2081 (f.
327 1996 534 2064 intemetum
548 1995 787 2080 possessorum.
832 2015 865 2080 g.
889 1993 1007 2060 que.
1029 1994 1237 2078 reuertatur.

258 2103 288 2170 2.
327 2101 377 2172 No
400 2102 477 2187 quid
498 2103 533 2170 in
555 2102 624 2168 1000
647 2122 767 2168 suero
790 2100 948 2183 (relipioso
969 2102 1091 2185 suedo)
1114 2101 1198 2166 fiet⁶.
1244 2124 1272 2166 e.
1303 2100 1342 2168 In
1365 2098 1427 2178 ἓξὲξ

171 2206 241 2272 loeo
262 2228 352 2272 sacro
373 2207 476 2274 faeere
498 2208 571 2273 inve
593 2229 665 2272 eum
686 2205 860 2271 immittere
886 2204 962 2289 quid
985 2203 1074 2270 veto'
1091 2253 1202 2271 .....

260 2312 292 2377 b.
326 2311 395 2389 Quo
419 2335 522 2398 queve
543 2313 593 2378 illi
614 2315 776 2379 mortuum
799 2310 917 2378 inferre
938 2310 1040 2375 invito
1062 2315 1094 2376 te
1116 2311 1166 2377 iue
1193 2316 1251 2394 est,
1282 2335 1345 2397 quo

172 2417 277 2484 minue
307 2417 357 2486 ilfi
379 2441 416 2486 eo
438 2442 514 2487 euve
534 2422 697 2486 mortuum
719 2416 837 2484 inferre
859 2420 892 2482 et
913 2416 960 2481 ibi
982 2416 1116 2502 sepelire
1138 2416 1251 2498 liceat,
1279 2418 1346 2484 vim

173 2523 242 2588 fieri
264 2521 364 2590 veto⁸.

261 2650 288 2696 o.
322 2628 393 2706 Quo
414 2628 463 2696 issi
485 2629 535 2696 ius
558 2633 607 2696 est
628 2630 730 2695 invito
753 2633 786 2694 to
807 2631 969 2695 mortuum
989 2627 1124 2709 inferre,
1156 2650 1219 2713 quo
1242 2629 1346 2694 minus

175 2731 224 2796 illi
246 2733 280 2797 in
302 2755 339 2799 eo
362 2735 431 2800 loeo
452 2735 656 2820 sepulchrum
678 2736 746 2801 sine
768 2735 841 2800 dolo
864 2734 949 2799 mulo
972 2733 1137 2800 aedificare
1152 2733 1258 2815 licoat,
1280 2734 1346 2800 vim

176 2835 246 2903 fieri
267 2837 366 2908 roto⁹.

263 2944 294 3008 3.
317 2966 345 3010 a.
391 2943 442 3008 Ne
465 2943 542 3029 quid
563 2943 597 3008 in
620 2943 711 3009 loeo
733 2943 910 3029 publico
931 2942 1029 3010 facies
1050 2943 1125 3010 inve
1146 2966 1218 3010 eum
1239 2943 1345 3010 lorum
1368 2941 1430 3021 ἓξὲξ

176 3047 350 3128 immittas,
381 3072 445 3135 que
466 3071 505 3116 ex
527 3071 561 3113 re
584 3049 661 3133 quid
682 3048 731 3114 illi
753 3048 863 3116 damni
884 3049 986 3129 detur,
1019 3054 1242 3136 praeterquam
1264 3052 1348 3136 quod

178 3152 249 3238 lege
271 3157 399 3220 senatus
421 3153 566 3220 consulto
588 3154 690 3220 edioto
712 3155 876 3221 deeretove
898 3153 1076 3238 principum
1092 3155 1153 3221 tibi
1168 3177 1349 3224 eoncessum

180 3263 237 3326 est.
261 3258 300 3325 de
321 3280 369 3338 eo,
393 3259 478 3344 quod
498 3259 619 3326 fsotum
642 3261 714 3340 erit,
736 3261 941 3327 interdictum
963 3281 1027 3326 non
1050 3260 1176 3326 debo²⁰.

265 3364 297 3428 b.
332 3361 370 3428 In
393 3364 446 3430 vis
468 3365 595 3449 publiea
617 3365 770 3432 itinereve
792 3365 920 3451 publico
942 3363 1044 3430 fecere
1065 3367 1239 3431 immittere
1263 3364 1349 3450 quid,

181 3490 244 3552 quo
266 3489 304 3534 ee
326 3468 379 3534 vis
399 3467 471 3534 idve
492 3469 555 3536 iter
577 3470 716 3536 deterius
738 3471 781 3534 eit
803 3469 870 3550 fiet,
893 3467 1010 3536 veron.

267 3594 293 3637 o.
328 3570 419 3648 Quod
441 3575 475 3637 in
498 3574 550 3640 via
571 3575 700 3660 publicu
721 3575 874 3641 itinereve
895 3575 1023 3660 publico
1037 3575 1159 3641 fectum
1173 3576 1350 3642 immissum

181 3676 288 3757 habes,
312 3698 375 3762 quo
398 3700 435 3744 ee
456 3679 509 3745 vie
530 3681 601 3746 idve
622 3680 685 3746 iter
707 3680 845 3746 deterius
867 3681 911 3746 sit
932 3680 999 3762 fiat,
1022 3680 1216 3746 restituus¹².

254 3904 280 3975 1)
298 3906 336 3962 D.
353 3909 414 3974 43ss
435 3907 480 3962 iot.
492 3903 534 3974 fr.
558 3905 617 3962 Vae.
634 3909 679 3972 90,
703 3905 752 3960 udi
767 3906 835 3967 uide
851 3905 901 3976 Qu.
919 3906 967 3976 lep.
985 3906 1037 3961 tae
1049 3905 1187 3976 formula:
1213 3905 1298 3972 ‘Quod
1316 3906 1352 3960 de

184 3995 225 4046 his
251 3992 331 4049 bonis
354 3991 445 4062 legati
474 3992 586 4049 nomino
609 3993 733 4062 possides
760 3992 889 4062 quodque
911 3993 998 4048 uteris
1022 3993 1122 4050 frueris
1140 3993 1268 4063 quodque
1287 3993 1351 4052 dolo

185 4081 261 4135 melo
280 4079 378 4143 fedati,
396 4079 544 4148 quominus
562 4079 715 4149 possideres
733 4079 853 4136 utereris
872 4079 1020 4136 fruereris?
1054 4081 1089 4139 D.
1110 4082 1142 4138 P.
1159 4086 1176 4147 §
1192 4084 1253 4138 228.
1273 4112 1307 4122 —
1325 4083 1351 4147 2)

188 4167 246 4237 up.
264 4169 348 4224 testu.
366 4166 402 4230 fr.
421 4167 531 4222 vuum
549 4171 573 4222 4.
592 4197 626 4206 -
643 4167 672 4237 3)
691 4165 777 4223 Dour.
796 4165 834 4222 D.
852 4170 912 4235 rep
929 4169 973 4222 ut.
992 4169 1048 4225 eoo.
1066 4173 1098 4238 3;
1115 4172 1251 4238 supper.
1270 4199 1303 4211 -
1323 4171 1352 4239 4)

184 4255 222 4313 D.
239 4257 381 4324 43,5‚1pr.
401 4285 434 4294 -
453 4257 479 4322 5)
498 4253 559 4310 aar.
572 4257 714 4323 rueme.
733 4285 767 4296 -
785 4256 813 4325 e)
832 4253 917 4310 Dur.
936 4255 1051 4325 Diuo.
1071 4287 1103 4298 -
1123 4257 1150 4328 7)
1162 4257 1198 4314 D.
1212 4261 1298 4328 mur
1306 4273 1351 4328 pr.

183 4375 218 4385 -
236 4345 265 4413 8)
285 4343 321 4398 D.
343 4345 483 4412 11‚8,1pr.
505 4373 540 4383 -
557 4343 585 4414 9)
602 4343 640 4399 D.
661 4346 776 4412 n‚8,1,5.
794 4373 830 4384 -—
848 4342 892 4413 10)
909 4342 1051 4412 1).43,8,2
1063 4361 1108 4414 pr.
1127 4375 1157 4384 -
1179 4346 1222 4415 11)
1240 4346 1310 4402 ibid.
1328 4350 1355 4418 2,

182 4437 228 4490 20.
250 4463 278 4472 -
300 4431 343 4502 12)
361 4429 433 4486 Did.
452 4433 521 4499 2‚35.
