3214 5168
276 355 339 419 322
789 346 924 415 collegia

341 535 505 581 Exoursas
529 532 721 580 Mommseni.
758 532 851 592 Capitis
875 533 969 594 primi
994 534 1163 590 argumentum
1187 530 1313 578 evidenter
1332 534 1450 592 apparet3

272 624 353 682 agitur
372 622 483 668 nimirum
507 621 537 666 de
556 621 727 666 iureiurando
746 621 904 678 magistratus
924 619 1050 676 abeuntis,
1080 619 1144 680 quod
1161 618 1273 664 imitatur
1291 620 1452 666 eiurationem

272 711 394 772 publicam
416 701 595 768 (Staatsreebt
613 703 691 768 1,606
709 717 736 754 a.
750 703 789 768 2).
824 708 923 754 Looutio
942 700 1022 768 ‘quod
1038 699 1170 768 quidquid
1182 715 1270 768 penus
1288 715 1342 753 sese
1359 700 1451 766 oead',

275 803 303 845 nt
320 790 451 860 quidquid
467 799 572 843 relativa
590 797 614 841 ιι
635 799 725 853 eareat,
745 810 799 842 oum
817 797 921 842 formula
938 804 1044 858 quoquo
1062 789 1139 842 modo
1155 795 1267 840 similiter
1278 796 1368 856 passim
1379 800 1451 840 usur-

273 888 352 946 petur,
372 886 468 946 etipsa
487 885 584 929 admitti
601 884 691 944 poterit
718 875 766 943 (cf.
785 874 896 928 Lachm.
921 875 958 928 ad
975 874 1058 928 Iattv.
1081 892 1110 943 p.
1129 877 1190 929 286,
1222 875 1336 945 Modulp
1353 875 1385 928 de
1401 875 1450 944 sm.

267 969 388 1035 12645).
425 964 605 1018 Huschlttana
628 971 750 1016 restitutio
774 973 845 1016 utin
866 972 919 1016 aliis
939 975 1036 1031 peceat,
1061 972 1098 1017 ita
1116 971 1305 1018 oonoinnitatem
1321 972 1451 1028 enuntiati,

272 1062 336 1123 quod
353 1074 427 1106 unum
453 1063 492 1106 est
510 1058 612 1110 omnino,
641 1071 767 1120 perperam
786 1059 865 1106 solvit.
884 1081 915 1090 -
937 1059 1024 1121 Capite
1042 1061 1147 1106 seeundo
1165 1073 1213 1122 quo
1232 1052 1290 1106 Hu.
1309 1061 1385 1106 eredit
1409 1075 1451 1106 oa-

272 1150 330 1206 veri,
350 1162 392 1194 our
410 1147 464 1209 quis
482 1148 599 1204 magister
617 1145 695 1191 oreari
712 1148 827 1206 nequeat,
846 1159 891 1191 neo
908 1159 952 1206 per
970 1159 996 1192 se
1015 1150 1080 1192 reote
1099 1149 1265 1206 excogitatum
1284 1151 1322 1194 ιιι
1339 1144 1405 1202 (nam
1417 1147 1451 1192 ab

271 1237 406 1283 eiuratione
422 1237 459 1281 ita
476 1235 587 1280 reioimur
606 1233 637 1278 ad
656 1233 762 1288 eomitia,
779 1233 796 1279 i.
807 1247 828 1281 ι.
848 1247 864 1279 a
881 1235 948 1280 oaloe
968 1233 1000 1279 ad
1018 1228 1102 1297 eaput)
1121 1239 1146 1282 et
1164 1235 1260 1282 omnino
1279 1250 1307 1282 eo
1320 1237 1451 1291 refutatur,

270 1324 335 1386 quod
352 1339 376 1370 v.
396 1325 410 1370 9
430 1323 587 1369 deierationis
605 1320 749 1366 vooabuinm
767 1322 865 1378 legitur,
883 1325 911 1366 nt
929 1324 1022 1367 oertnm
1040 1325 1072 1367 sit
1090 1325 1168 1368 totum
1187 1323 1233 1368 boo
1244 1327 1319 1384 eaput
1334 1327 1359 1368 et
1370 1322 1451 1384 ipsum

272 1413 303 1458 ad
322 1411 481 1458 eiurationem
500 1413 618 1472 spectare.
655 1409 736 1453 Etiam
762 1421 826 1470 quaa
851 1412 985 1470 sequnntur
1010 1410 1074 1470 apud
1093 1402 1149 1456 Hit.
1168 1412 1246 1456 multa
1264 1409 1389 1456 eontinent
1407 1424 1451 1470 pa-

272 1514 326 1546 rum
345 1504 411 1560 apta,
431 1503 459 1545 ut
476 1498 537 1544 illud
552 1489 690 1559 profectus
705 1504 821 1558 peropus,
839 1498 904 1559 quod
916 1500 968 1543 tam
979 1502 1017 1543 est
1027 1497 1142 1544 Latinum
1160 1510 1233 1559 quam
1245 1498 1354 1543 futurum
1365 1500 1450 1559 paullo

273 1591 332 1633 ante
351 1587 383 1634 ab
401 1579 459 1632 Hit.
477 1587 618 1632 restitutum
635 1578 720 1645 abiet,
745 1590 770 1631 et
788 1586 852 1648 quod
871 1588 980 1649 sequitur
1004 1580 1109 1649 lostyt'tts
1125 1579 1223 1648 pedam
1241 1584 1345 1633 vetitum
1362 1579 1449 1646 mutia,

272 1676 343 1737 qnasi
360 1689 403 1736 pro
422 1667 496 1736 pas'sn
514 1675 589 1720 etiam
608 1688 650 1735 pes
668 1675 692 1720 in
711 1675 829 1720 eiusmodi
846 1689 959 1722 mensura
978 1679 1057 1722 laeum
1074 1675 1192 1731 obtineat,
1212 1678 1237 1719 ιι
1255 1673 1360 1721 centum
1372 1668 1449 1721 mitia

273 1763 344 1824 quasi
362 1762 442 1809 notari
460 1761 553 1824 possint
571 1761 682 1807 absurdis
699 1762 753 1807 istis
772 1762 835 1807 notis
854 1761 879 1807 0.
892 1762 935 1816 Μ.,
954 1776 1015 1823 quas
1034 1765 1124 1808 temere
1143 1762 1270 1808 substituit
1288 1765 1361 1824 plane
1374 1776 1450 1809 sanae

272 1850 372 1896 leotioni
391 1849 462 1906 CXX,
487 1849 504 1894 i.
523 1862 545 1894 e.
563 1845 667 1894 sentim
685 1846 710 1894 et
727 1841 825 1908 vtyinti
840 1841 925 1908 maia,
949 1851 978 1894 nt
995 1849 1143 1894 certissimae
1162 1863 1275 1911 quaeque
1294 1863 1448 1896 numerorum

271 1943 432 1999 notarumque
453 1939 520 1996 leges
539 1936 625 1982 eadem
642 1949 693 1998 qna
711 1937 885 1996 grammatioae
904 1937 975 1983 ruina
992 1940 1104 1996 pereant.
1140 1937 1189 1984 Sed
1207 1937 1268 1983 satis
1286 1937 1319 1983 sit
1337 1937 1367 1982 de
1385 1937 1449 1984 istis.

270 2026 332 2071 Mihi
355 2025 451 2072 videtur
476 2028 597 2072 traotatns
623 2024 653 2070 de
673 2024 809 2070 eiuratione
833 2025 869 2072 ita
888 2024 1035 2081 oontinuari,
1062 2027 1090 2070 ut
1108 2026 1211 2086 primum
1229 2005 1450 2086 qni'einrationem

269 2115 382 2171 omiserit,
401 2116 498 2175 praeter
515 2115 617 2160 multam
635 2112 726 2158 honore
744 2116 770 2157 et
786 2110 902 2170 suffragio
921 2111 1033 2174 deinoeps
1046 2115 1138 2168 eareat,
1156 2115 1235 2159 multa
1254 2127 1349 2175 quoqne
1362 2117 1449 2160 eontra

272 2216 327 2248 eam
345 2204 425 2260 legem
442 2200 543 2248 faoienti
562 2201 666 2258 adieota,
695 2201 781 2247 deinde
800 2204 917 2262 pergatur
935 2201 967 2246 ad
985 2202 1166 2248 exeusationem
1184 2203 1325 2250 eiurationis
1344 2207 1369 2249 et
1387 2204 1450 2250 iudi·

273 2292 335 2337 oium
354 2291 383 2336 de
403 2290 558 2336 exeusatione
579 2304 608 2336 ea
624 2289 807 2336 instituendum.
844 2288 911 2341 Quod
934 2289 964 2335 de
983 2304 1012 2335 ea
1030 2290 1113 2350 posui,
1137 2293 1337 2352 utinequaqnam
1355 2295 1450 2337 eertum

270 2382 319 2433 est,
348 2380 384 2425 ιιι
412 2379 496 2440 opinor
517 2393 561 2439 per
579 2392 604 2424 se
622 2378 760 2440 probabile;
789 2391 875 2438 nempe
892 2377 1006 2424 iudioinm
1025 2391 1098 2438 penes
1117 2378 1246 2434 magistros
1265 2390 1326 2435 esse,
1346 2392 1449 2424 exeusa-

271 2467 360 2513 tionem
379 2469 462 2512 antem
481 2466 578 2512 admitti
596 2465 713 2524 magistri,
732 2466 775 2527 qui
792 2479 839 2528 quo
857 2466 894 2512 die
913 2467 1052 2526 magisterio
1071 2466 1117 2511 sibi
1136 2465 1273 2512 abeundum
1291 2466 1331 2523 sit,
1349 2468 1385 2513 rei
1403 2480 1448 2527 pu·

272 2553 351 2600 blioae
370 2557 413 2600 ant
431 2555 482 2600 litis
500 2567 575 2601 eausa
593 2555 711 2601 oonsistat
728 2556 753 2600 in
771 2556 822 2600 loeo
840 2555 934 2600 dierum
953 2568 995 2600 sex
1007 2555 1142 2615 pluriumve
1154 2554 1240 2599 itinere
1253 2552 1285 2598 ab
1298 2553 1358 2600 urbe
1370 2553 1448 2600 Roma

271 2645 377 2699 remot03
403 2655 473 2698 enm,
498 2642 540 2703 qui
558 2655 605 2687 non
623 2645 681 2688 ante
701 2643 763 2688 diem
783 2643 922 2689 eiurationis
941 2644 1123 2690 exeusationem
1141 2642 1247 2700 adleget,
1268 2643 1378 2699 multam,
1397 2641 1449 2686 exi·

272 2741 347 2787 guam
365 2732 447 2776 tamen
467 2731 556 2776 assium
575 2730 608 2788 L,
632 2730 731 2778 sufferre
750 2730 851 2787 debere;
879 2731 983 2792 deniqne
1008 2729 1040 2777 ab
1062 2731 1197 2778 eiuratione
1221 2733 1287 2776 reote
1305 2733 1449 2776 exossatum

269 2818 345 2864 nihilo
363 2817 442 2862 minus
460 2830 507 2878 quo
527 2820 634 2878 tempore
652 2818 742 2880 poterit
760 2818 854 2865 eiurare
873 2824 998 2880 oportere,
1024 2823 1052 2865 nt
1071 2821 1147 2864 multa
1165 2831 1276 2881 quoque,
1299 2831 1448 2880 quamquam

270 2920 318 2952 non
344 2904 502 2964 gravissima,
528 2919 576 2951 non
600 2907 706 2952 einr-anti
731 2907 767 2952 ita
791 2906 938 2967 imponatur.
974 2907 1040 2960 Quae
1059 2907 1196 2953 emendatio
1217 2907 1276 2952 mibi
1294 2906 1447 2953 admittenda

272 2994 327 3050 fuit,
345 2995 374 3038 nt
391 2991 452 3037 liaeo
471 2992 507 3036 ita
525 2991 700 3050 ordinarentur,
718 3003 799 3039 rurr-
814 3005 847 3039 ιιι
861 3014 866 3024 ·
882 3004 951 3039 nrrrs
969 3007 1011 3054 pro
1029 3003 1185 3050 ιιιιιιιιιιι,
1204 3008 1234 3040 ιι
1250 2987 1389 3044 Huaobkt'o
1407 3011 1447 3043 ao·

270 3083 341 3142 oepto
367 3079 467 3126 ferenda
491 3083 536 3125 ιιι.
563 3100 598 3111 -
626 3079 711 3140 Capite
736 3082 851 3128 tertio
875 3081 940 3143 quod
957 3081 1034 3140 posui,
1059 3080 1213 3142 simplieitata
1232 3082 1446 3144 opinorppraestat

270 3169 369 3215 invento
398 3166 554 3214 Husohkiano
581 3171 606 3212 et
630 3171 696 3214 reote
721 3171 822 3229 aptatur
845 3168 973 3230 prioribus.
1009 3168 1101 3228 Nempe
1121 3167 1208 3214 absens
1226 3169 1247 3214 si
1265 3183 1308 3230 per
1326 3171 1402 3216 alium
1420 3186 1447 3218 se

272 3257 397 3301 exousavit
415 3267 493 3316 neque
511 3255 531 3300 is
550 3256 614 3300 iusto
632 3257 741 3315 tempore
759 3255 891 3311 nuntiavit,
910 3257 988 3300 multa
1006 3254 1103 3316 quidem
1122 3256 1207 3300 eadem
1219 3261 1265 3314 est,
1285 3258 1328 3303 sed
1341 3260 1445 3305 multam

272 3357 326 3390 ιιιιι
346 3346 389 3389 aut
407 3343 505 3388 nuntius
524 3344 609 3388 statim
626 3343 717 3388 inierat
734 3356 833 3389 neeesse
852 3345 896 3399 est,
916 3346 959 3388 aut
978 3356 1039 3399 eam,
1058 3343 1079 3388 si
1092 3344 1208 3401 magister
1221 3345 1313 3402 intulit,
1334 3361 1349 3392 a
1360 3349 1446 3393 nuntio

272 3435 383 3493 repetere
401 3432 490 3493 potest.
517 3430 563 3476 Pro
582 3428 674 3478 latitat
687 3426 819 3492 peeuttt'ae
837 3434 875 3477 oui
887 3432 964 3490 magis
978 3430 1092 3492 placebit,
1111 3432 1175 3494 quod
1188 3424 1244 3480 Hu.
1258 3435 1347 3495 posuit,
1361 3427 1447 3496 dupla

266 3513 392 3582 peottttt'a,
412 3519 434 3564 ei
452 3531 498 3564 non
511 3522 595 3565 eontra
607 3519 668 3566 dioo.
687 3544 720 3552 -
740 3521 831 3583 Capitis
850 3520 963 3583 quarti
982 3521 1129 3567 sententiam
1146 3523 1211 3567 reote
1224 3521 1310 3582 opinor
1321 3524 1446 3583 perspexit

271 3599 448 3668 Eudorffiua:
466 3605 558 3652 soilioet
576 3611 604 3653 ut
621 3613 720 3672 praeter
737 3611 826 3655 multas
846 3623 876 3655 ex
895 3611 949 3666 lege
968 3609 1141 3655 descendentes
1161 3609 1264 3655 maiores
1277 3611 1384 3670 praetori
1402 3623 1446 3670 pu·

270 3695 333 3740 blioo
351 3695 433 3756 populi
446 3694 547 3740 Romani
561 3697 702 3757 permissum
714 3700 752 3742 ιιι
765 3697 811 3742 oivi
823 3697 898 3743 onivis
911 3699 1012 3743 multam
1025 3699 1105 3744 disere
1118 3709 1191 3758 quam
1204 3701 1293 3743 voeant
1305 3699 1444 3756 maximam,

269 3783 294 3827 id
313 3785 414 3828 estnon
433 3783 547 3829 maiorem
565 3783 656 3829 assium
668 3783 793 3829 MMMXX
811 3775 991 3842 (Staatttecht
1008 3777 1189 3844 mss-151),
1207 3784 1244 3830 ιιι
1262 3785 1378 3845 magistro
1397 3788 1447 3832 oei-

269 3870 328 3928 legii
346 3869 464 3915 fullonum
483 3871 560 3916 simile
579 3872 616 3916 ius
635 3871 750 3917 adversus
769 3873 872 3918 fullones
891 3873 1014 3930 tribuitur,
1034 3873 1104 3918 modo
1123 3885 1190 3917 ιιιιι
1208 3872 1315 3932 singrssos
1334 3875 1446 3932 singulae

269 3959 361 4003 multae
388 3970 419 4003 ne
445 3959 572 4004 exoedant.
601 3982 633 3990 —
662 3959 747 4020 Capite
772 3961 898 4020 quinto
924 3963 981 4007 ante
1008 3961 1089 4006 omnia
1107 3961 1216 4021 ineptum
1234 3961 1295 4006 illud
1314 3972 1391 4007 rarus
1408 3962 1446 4007 ita

269 4045 403 4091 tollendum
423 4049 472 4101 est,
496 4049 524 4091 ut
543 4046 705 4093 substituatur
723 4048 787 4093 iusta
805 4049 996 4110 interpunctione
1014 4061 1039 4095 1²-
1057 4061 1084 4095 ιι-
1103 4059 1155 4096 rus.
1192 4048 1243 4101 Quo
1261 4050 1339 4110 posito
1357 4050 1446 4112 proba·

270 4132 352 4179 biliter
371 4134 427 4180 inde
446 4133 564 4182 eifioietnr
581 4136 607 4182 in
625 4135 753 4194 eollegium
771 4135 816 4182 hoo
834 4151 890 4182 eum
907 4136 1039 4182 admissum
1058 4150 1124 4193 esse,
1150 4137 1193 4199 qul
1212 4137 1274 4184 duas
1293 4139 1400 4193 laounas,
1419 4137 1446 4182 id

270 4222 308 4265 est
326 4219 405 4266 fontes
423 4220 531 4282 publioos
549 4223 632 4284 populi
650 4223 757 4269 Romani
779 4223 881 4269 utendos
899 4223 947 4268 sibi
965 4223 996 4269 ab
1015 4237 1044 4268 ιο
1062 4228 1239 4283 comparasset,
1264 4226 1370 4284 veotigal
1388 4225 1446 4270 inde

270 4309 364 4352 aerario
383 4310 490 4367 solvens3
519 4311 542 4356 ei
565 4310 697 4356 oondioioni
722 4311 764 4372 qui
788 4310 848 4356 satis
871 4311 981 4368 ieoisset,
1009 4312 1046 4358 ius
1065 4312 1141 4357 inisse
1159 4312 1275 4359 fulloniae
1294 4314 1445 4359 exeroendae

271 4395 454 4459 exigendumque
471 4399 589 4459 peouniae
607 4414 650 4462 pro
668 4403 744 4457 oreta,
763 4399 790 4446 id
808 4403 845 4445 est
863 4400 947 4462 opinor
965 4412 1007 4459 pro
1026 4412 1071 4445 usn
1090 4399 1165 4446 fontis
1184 4399 1335 4447 adlevanda
1354 4404 1378 4446 et
1390 4414 1446 4462 per-
