3184 5156
620 365 710 438 Leges
727 369 830 440 regiae
1306 375 1327 442 5

26 603 27 610 ,
151 546 428 635 καταστησάμενος
450 545 489 631 δὴ
511 551 611 610 ταῦτα
634 543 768 630 διέκρινε
791 551 914 624 τάς-
937 547 1088 632 ἐξουσίας,
1112 552 1150 627 ἃς
1172 550 1327 628 ἑκάστους

151 651 298 740 ἐβούλετο
322 654 418 750 ἔχειν.

233 756 369 823 Βασιλεῖ
399 759 454 845 μέν
485 757 540 822 ούν
563 757 696 844 ἐξῄρητο
718 756 794 820 τάδε
816 757 856 819 τά
878 753 973 841 γέρα·
1007 763 1132 840 πρῶτον
1155 758 1211 842 μέν
1235 755 1326 841 ἱερῶν

141 867 203 939 γκαὶ
234 864 357 929 θυσιῶν
386 861 554 949 ἡγεμονίαν
586 863 685 948 έχειν,
707 899 751 908 -
774 861 882 925 έπειτα
913 859 1016 944 νύμων
1047 882 1082 926 τε
1110 863 1166 926 καί
1188 861 1326 946 πατρίων

151 970 292 1057 ἐθισμῶν
323 969 469 1055 φυλακην
497 969 673 1052 ποιεῖσθαι,
704 1003 749 1016 -
770 975 831 1032 τῶν
854 987 888 1030 τε
911 965 1112 1052 ἀδικημάτων
1135 969 1175 1031 τά
1197 966 1328 1053 μέγιστα

152 1078 208 1161 μέν
239 1077 335 1140 αύτδν
366 1074 522 1158 δικάζειν,
554 1077 593 1138 τά
616 1073 644 1139 δ’
664 1073 816 1138 ἐλάττονα
846 1081 911 1148 τοῖς
934 1071 1115 1158 βουλευταῖς
1142 1071 1325 1158 ἐπιτρέπειν,

25 1155 27 1212 i
151 1220 189 1230 —
216 1181 334 1269 βουλὴν
364 1202 399 1246 τε
421 1181 564 1266 συνάγειν
594 1183 649 1246 καὶ
673 1181 770 1266 δῆμον
794 1178 982 1264 συγκαλεῖν,
1014 1179 1069 1242 καὶ
1092 1215 1132 1226 -
1157 1178 1326 1266 ἡγεμονίαν

153 1288 236 1373 έχειν
260 1285 482 1371 αὐτοκράτορα
506 1286 538 1351 ἐν
560 1284 699 1373 πολέμῳ.

241 1391 297 1479 Τῷ
321 1391 356 1456 δέ
378 1391 528 1477 συνεδρίῳ
550 1401 606 1477 της
629 1390 746 1479 βουλης
767 1430 811 1440 -
834 1391 1016 1456 δυναστείαν
1031 1390 1171 1476 ἀνέθηκε
1186 1391 1325 1457 τοιάνδε·

152 1499 223 1582 περὶ
246 1500 363 1574 παντὸς
386 1499 460 1561 δτου
483 1499 521 1562 άν
543 1497 705 1584 εἰσηγῆται
726 1497 872 1585 βασιλεὺς
894 1496 1109 1583 διαγινώσκειν
1132 1499 1244 1562 τεκαὶ
1267 1497 1325 1584 ψη-

153 1623 212 1688 φον
236 1602 392 1688 ἐπιφέρειν
414 1641 466 1667 -.

240 1707 294 1795 Τῷ
319 1709 354 1773 δέ
377 1708 536 1795 δημοτικῷ
559 1707 677 1793 πλήθει
698 1709 769 1795 τρία
790 1717 889 1775 ταῦτα
913 1709 1098 1795 ἐπέτρεψεν·
1122 1708 1324 1794 ἀρχαιρεσιά-

152 1814 214 1894 ζειν
237 1834 273 1879 τε
296 1815 351 1878 καὶ
372 1813 487 1900 νύμους
511 1813 677 1898 ἐπικυροῦν
700 1816 755 1878 καί
776 1817 848 1898 περὶ
863 1813 1003 1900 πολέμου
1019 1814 1233 1900 διαγινώσκειν
1249 1817 1324 1878 ὅταν

152 1918 341 2008 δβασιλεὺς
363 1918 424 2004 ἐφη
446 1954 499 1982 -.
533 1918 625 2002 έφερε
647 1917 682 1983 δὲ
703 1922 759 2004 τὴν
783 1918 886 2005 ψηφον
920 1921 980 2006 ούχ
1003 1921 1069 2007 άμα
1090 1929 1152 1997 πῶς
1175 1920 1192 1984 ὁ
1215 1919 1323 2006 δῆμος,

151 2025 234 2090 ἀλλά
257 2027 342 2090 κατά
363 2026 419 2099 τάς
441 2022 583 2109 φράτρας
606 2023 872 2109 συγκαλούμενος.

238 2131 269 2196 4.
302 2129 400 2195 Dioa.
424 2127 622 2216 (2,21.22);1
650 2129 780 2206 πολλοῖς
803 2129 942 2216 σύμασιν
965 2129 1115 2197 άπέδιυκε
1137 2129 1325 2217 θεραπεύειν

151 2241 185 2304 τὸ
209 2238 378 2324 δαιμύνιον.
401 2272 446 2283 -
468 2232 503 2313 ἐξ
521 2234 657 2322 ἑκάστης
676 2237 818 2322 φράτρας
834 2235 1061 2323 ἐνομοθέτησεν
1077 2236 1326 2302 ἀποδείκνυσθαι

152 2344 208 2409 δύο
230 2345 304 2419 τοὺς
327 2341 405 2426 ύπέρ
427 2340 623 2424 πεντήκοντα
645 2341 699 2427 έτη
722 2340 903 2426 γεγονότας,
925 2341 1121 2418 -τούτους
1143 2342 1179 2407 δέ
1202 2341 1261 2405 ούκ
1280 2341 1324 2417 εἰς

151 2448 321 2537 ὡρισμένον
343 2449 411 2511 τινά
434 2445 548 2531 χρόνον
576 2448 633 2522 τάς
655 2449 745 2531 τιμάς
767 2445 875 2525 έταξεν
897 2447 994 2532 έχειν,
1028 2446 1111 2510 ἀλλά
1134 2446 1185 2511 διά
1207 2449 1325 2522 παντὸς

148 2564 202 2621 τοῶ
227 2555 316 2643 βίου,
350 2561 518 2636 στρατειῶν
542 2553 597 2635 μὲν
620 2549 873 2636 ἀπολελυμένους
897 2552 948 2616 διά
969 2555 1025 2637 τὴν
1047 2550 1182 2638 ἡλικίαν,
1205 2561 1266 2617 τῶν
1290 2552 1324 2616 δὲ

150 2665 234 2727 κατά
266 2664 323 2747 τὴν
355 2657 446 2722 πάλιν
478 2656 624 2743 ὀχληρῶν
656 2657 707 2721 διά
739 2659 793 2722 τὸν
822 2657 925 2745 νύμον.
954 2694 1000 2706 -
1021 2659 1161 2734 ἅπαντας
1194 2657 1229 2721 δὲ
1251 2660 1323 2732 τοὺς

153 2767 243 2852 ἱερεῖς
265 2802 310 2814 -
333 2762 562 2851 ἐνομοθέτησεν
585 2762 834 2830 ἀποδείκνυσθαι
856 2767 912 2852 μὲν
935 2766 995 2829 ὑπὸ
1010 2776 1071 2832 τῶν
1087 2771 1243 2850 φρατρῶν,
1259 2763 1323 2828 ἐπι-

149 2871 326 2959 κυροῦσθαι
349 2871 385 2936 δέ
407 2869 467 2934 ὑπὸ
491 2878 553 2936 τῶν
576 2868 791 2957 ἐξηγουμένων
813 2875 853 2935 τά
874 2872 949 2938 θεῖα
971 2872 1022 2936 διὰ
1045 2878 1204 2956 μαντικῆς.

237 2979 268 3043 5.
302 2975 487 3041 Moerobius
509 2974 770 3060 (sat.1,12,38):²
802 2975 891 3042 Haeo
921 2977 985 3043 fuit
1017 2975 1195 3042 aRomulo
1218 2997 1324 3040 annua

148 3085 297 3152 ordinata
328 3082 498 3163 dimensio,
532 3082 589 3167 qui
616 3118 661 3129 —
682 3104 802 3146 annum
831 3082 862 3147 X
891 3084 1065 3165 mensium,
1096 3082 1219 3147 dierum
1248 3103 1323 3146 vero

151 3243 252 3298 haeooe
273 3238 407 3295 attribuit
425 3238 502 3295 iura:
520 3237 643 3310 primum
661 3242 695 3294 ut
709 3255 852 3296 saerorum
864 3242 893 3296 et
905 3238 1233 3316 saerifioiorum⁸haberet
1246 3235 1323 3308 prin·

153 3330 288 3402 oipatum,
307 3329 370 3382 tum
388 3328 421 3381 ut
438 3327 534 3397 legum
546 3344 711 3398 morumque
722 3327 879 3399 patriorum
897 3331 970 3384 esset
982 3330 1080 3392 eustos,
1100 3327 1134 3381 de
1146 3324 1323 3396 gravioribus

151 3417 260 3473 deliotis
285 3416 345 3487 ipse
368 3416 558 3486 cognosceret,
585 3415 692 3472 leviora
716 3417 890 3472 senatoribus
916 3415 1118 3480 committeret,
1146 3415 1275 3469 senatum
1293 3416 1323 3469 et

151 3505 287 3576 populum
313 3504 480 3560 convocaret
506 3505 535 3558 et
560 3502 591 3556 in
609 3502 684 3559 bello
710 3521 849 3558 summum
873 3505 991 3560 haberet
1007 3501 1165 3574 imperium.
1201 3500 1322 3558 Consilio

150 3594 264 3649 senatus
292 3591 366 3646 hano
389 3591 560 3661 potestatem
585 3590 678 3656 dedit,
707 3592 739 3645 ut
757 3591 927 3648 deliberaret
950 3594 978 3647 et
997 3589 1163 3661 suffragium
1183 3589 1270 3644 ferret
1287 3588 1322 3643 de

153 3679 284 3750 qualibet
301 3695 339 3744 re,
359 3695 446 3748 quam
462 3696 512 3735 rex
530 3680 566 3734 ad
585 3696 649 3734 eum
666 3678 817 3735 retulisset.
853 3679 960 3751 Populo
978 3696 1044 3735 vero
1062 3679 1131 3732 haee
1142 3676 1199 3731 tria
1214 3691 1322 3731 conoes-

150 3767 201 3832 sit,
225 3766 413 3838 magistratus
443 3784 537 3823 oreare
563 3768 591 3823 et
618 3768 694 3839 leges
713 3769 822 3824 sancire
839 3771 868 3824 et
885 3768 920 3824 de
938 3768 1013 3825 bello
1031 3769 1183 3831 decernere,
1209 3763 1322 3834 quando

151 3873 199 3911 rex
227 3855 404 3927 rogationem
431 3857 468 3911 ad
493 3873 556 3912 eum
579 3856 698 3912 tulisset.
736 3856 879 3926 Suffragia
902 3858 999 3912 autem
1022 3854 1132 3910 ferebat
1155 3870 1211 3908 non
1238 3851 1322 3906 simul

151 3945 229 4000 totus
247 3944 376 4014 populus,
395 3944 443 4000 sed
462 3943 593 4000 euriatim
612 3947 801 4014 convocatus.)

221 4033 248 4101 l)
264 4031 373 4101 (Multis
391 4033 513 4104 personis
530 4049 610 4087 saera
622 4031 849 4087 administranda
867 4030 1044 4101 adsignavit;
1062 4031 1156 4100 legem
1167 4027 1268 4100 posuit,
1288 4027 1320 4081 ut

151 4137 185 4175 ex
204 4118 323 4189 singulis
341 4120 424 4175 curiis
442 4120 501 4176 bini
520 4121 693 4187 crearentur,
712 4120 734 4174 L
753 4120 834 4174 anuis
852 4118 978 4184 maiores,
997 4136 1064 4188 quos
1084 4136 1138 4173 non
1158 4117 1195 4172 ad
1212 4117 1320 4170 certum

152 4206 266 4277 aliquod
291 4208 402 4279 tempus
424 4208 542 4264 honores
566 4208 634 4264 istos
659 4206 762 4262 habere
780 4205 940 4272 constituit,
966 4207 1012 4262 sed
1031 4205 1166 4275 quamdiu
1184 4203 1319 4267 viverent,

151 4295 287 4351 immunes
303 4313 321 4350 a
330 4296 436 4352 militia
448 4298 564 4369 propter
577 4297 708 4361 aetatem,
728 4296 764 4351 ab
776 4294 892 4350 urbanis
904 4311 970 4350 vero
983 4293 1143 4348 muneribus
1156 4309 1205 4363 per
1217 4290 1318 4360 legem.

151 4383 251 4439 Omnes
270 4384 427 4441 saoardotes
446 4402 463 4439 a
480 4384 562 4440 curiis
580 4383 728 4440 coustituit
746 4383 844 4448 creari,
865 4382 902 4437 ab
918 4381 1120 4453 interpretibus
1138 4397 1204 4436 vero
1223 4395 1317 4433 rerum

150 4471 310 4528 divinarum
326 4489 376 4544 per
394 4472 519 4544 auspioia
536 4471 715 4540 confirmari.)
733 4505 768 4514 —
785 4471 811 4543 2)
830 4469 961 4527 Similiter
978 4469 1194 4540 soliarssaao.
