3214 5168
286 328 351 392 334
815 321 920 375 Festus.

287 502 494 568 Censores
517 499 604 576 dicti,
629 499 710 582 quod
734 521 802 564 rem
825 521 915 563 suam
938 500 1072 583 quisque
1094 499 1178 564 tanti
1196 501 1366 564 aestimare
1388 497 1466 561 soli-

286 606 413 684 tussit,
438 605 552 691 quanti
573 604 623 668 illi
645 603 852 670 censuerint¹.
891 603 930 667 P.
955 609 1005 669 58.

288 709 442 776 Censui
465 706 689 773 censendo²
713 709 785 793 agri
808 707 936 791 proprie
958 707 1179 793 appellamur,
1214 711 1324 795 quiet
1348 707 1410 772 emi
1432 710 1465 770 et

289 817 397 882 venire
418 817 487 879 iure
510 812 597 878 civili
619 815 762 896 possunt.
807 809 845 874 Ρ.
869 816 920 876 58.

287 918 571 987 centenariae
594 939 688 982 cenae
710 917 897 981 dicebantur
918 917 952 980 in
979 939 1057 1002 quas
1083 918 1154 1005 lege
1168 920 1291 984 Licinia
1307 941 1374 984 non
1389 917 1463 1002 plus

287 1025 441 1092 centussi⁸
468 1027 594 1109 praeter
615 1027 701 1086 terra
716 1019 826 1086 enata⁴
848 1020 1118 1105 impendebatur⁵,
1140 1024 1174 1088 id
1196 1028 1244 1088 cst
1264 1026 1392 1088 centum
1411 1043 1463 1085 as·

287 1133 385 1212 sibus,
410 1131 579 1216 quierant
603 1129 711 1193 breves
735 1127 858 1191 nummi
880 1148 919 1192 ex
941 1149 1022 1192 aere.
1067 1127 1106 1192 P.
1132 1133 1181 1193 54.

288 1233 630 1302 centumviralis
652 1233 769 1298 iudicia
791 1254 810 1296 a
832 1233 1037 1297 centumviris
1059 1236 1135 1298 sunt
1156 1233 1249 1300 dieta.
1289 1230 1464 1298 Nemeum

289 1346 394 1408 essent
417 1340 539 1407 Romae
570 1339 707 1424 triginta
738 1341 770 1403 et
792 1338 934 1423 quinque
956 1339 1069 1418 tribus,
1103 1361 1184 1424 quae
1207 1343 1240 1404 et
1261 1337 1367 1403 curiae
1389 1339 1465 1400 sunt
1576 1419 1577 1436 ἵ

293 1448 405 1528 dictae,
427 1447 512 1512 terni
534 1467 571 1510 ex
595 1443 730 1529 singulis
752 1442 900 1507 tribubus
923 1447 998 1508 sunt
1013 1444 1104 1508 electi
1120 1444 1159 1508 ad
1174 1443 1388 1521 iudicandum,
1408 1441 1464 1525 qui
1576 1439 1577 1516 l

292 1551 482 1617 centumviri
505 1549 657 1635 appellati
680 1552 773 1624 sunt;
797 1551 830 1612 et
852 1548 926 1613 licet
949 1548 1089 1633 quinque
1111 1549 1249 1635 amplius
1272 1569 1369 1634 quam
1391 1569 1465 1612 cen·

290 1662 360 1721 tum
383 1656 512 1735 fuerint,
536 1658 654 1733 tamen,
677 1675 741 1738 quo
764 1651 890 1718 facilius
912 1653 1164 1735 nominarentur,
1184 1651 1374 1720 centumviri
1389 1654 1465 1716 sunt

290 1761 377 1826 dicti.
422 1760 539 1826 1254.

289 1865 491 1932 Centuria
520 1865 555 1928 in
586 1864 672 1948 agris
702 1864 864 1950 significat
892 1868 1028 1933 ducenta
1055 1867 1182 1953 iugera,
1213 1867 1248 1931 in
1270 1889 1305 1932 re
1327 1865 1463 1932 militari

288 1976 415 2038 centum
436 1970 590 2036 homines.
639 1969 678 2036 P.
704 1975 754 2036 53.

289 2076 543 2142 Centuriata
574 2075 704 2140 comitia
732 2075 810 2140 item
841 2075 964 2142 curiata
995 2077 1125 2143 comitia
1152 2077 1358 2156 dicebantur,
1390 2076 1466 2162 quia

291 2182 427 2268 populus
451 2181 614 2248 Romanus
637 2203 693 2266 per
715 2185 863 2246 centenas
885 2185 1008 2247 turmas
1031 2182 1151 2247 divisus
1173 2185 1251 2248 erat.
1296 2181 1336 2246 P.
1360 2185 1410 2246 54.

288 2286 566 2353 Centuriatus
588 2308 688 2372 ager
718 2288 752 2351 in
776 2287 912 2352 ducena⁶
935 2288 1048 2374 iugera
1070 2288 1229 2369 definitus,
1252 2289 1328 2373 quia
1343 2285 1465 2352 Romu-

289 2394 340 2459 lus
363 2394 503 2458 centenis
526 2393 647 2458 civibus
670 2391 806 2458 ducena⁸
830 2393 941 2478 iugera
964 2394 1088 2459 tribuit.
1133 2393 1172 2458 P.
1196 2399 1247 2459 53.

292 2498 477 2564 Classici
509 2502 606 2564 testes
628 2499 815 2566 dicebantur
844 2501 899 2585 qui
922 2501 1087 2586 signandis
1110 2500 1309 2567 testamentis
1333 2500 1464 2565 adhibe·
1576 2561 1577 2594 ἶ

290 2605 418 2671 bantur.
466 2604 504 2670 P.
529 2609 579 2670 56.

292 2709 502 2795 Cognitor
523 2713 586 2789 est,
619 2709 674 2796 qui
697 2709 788 2774 litem
810 2711 942 2777 alterius
965 2711 1098 2796 suscipit
1120 2733 1226 2777 coram
1249 2710 1290 2775 ab
1313 2731 1369 2791 co,
1397 2708 1465 2774 cui⁷

294 2817 386 2882 datus
409 2819 470 2896 est3
494 2819 681 2901 procurator
703 2819 810 2882 autem
833 2815 974 2882 absentis
996 2815 1124 2882 nomine
1146 2822 1235 2882 actor
1257 2817 1305 2880 fit.
1351 2814 1389 2880 P.
1414 2819 1463 2880 57.

293 2920 547 2987 comitiales
571 2921 636 2987 dies
660 2921 882 3006 appellabant,
915 2945 987 2988 cum
1010 2921 1044 2986 in
1067 2922 1196 2988 comitio
1219 2921 1464 2990 conveniebant:

294 3027 351 3112 qui
371 3026 459 3092 locus
482 3048 501 3092 a
522 3027 672 3106 coeundo,
695 3026 728 3091 id
751 3030 799 3092 est
820 3027 950 3092 insimul
964 3027 1128 3108 veniendo,
1152 3030 1200 3092 est
1215 3027 1326 3092 dictiue.
1358 3024 1396 3089 Ρ.
1412 3029 1462 3090 38.

295 3132 580 3216 Compascuus
603 3153 695 3218 ager,
727 3133 856 3198 relictus
879 3133 919 3200 ad
940 3133 1132 3218 pascendum
1154 3134 1364 3198 communiter
1385 3131 1463 3196 vici-
1576 3201 1577 3230 ἒ

291 3238 352 3302 nis.
397 3237 435 3303 P.
459 3243 512 3304 40.

292 3342 574 3428 Compraedes
598 3343 737 3408 eiusdem
758 3343 805 3408 rei
826 3344 944 3428 populo
967 3342 1160 3428 sponsoresl.
1206 3342 1244 3408 P.
1267 3348 1320 3408 39.

292 3445 642 3513 conciliabulum
664 3448 761 3527 locus,
784 3447 840 3512 ubi
861 3447 912 3511 in⁹
938 3447 1107 3512 concilium
1125 3447 1322 3513 convenitur.
1356 3444 1394 3509 Ρ.
1410 3450 1461 3510 38.
1575 3439 1577 3516 i

293 3553 533 3619 Concilium
556 3552 673 3617 dicitur
696 3575 715 3617 a
737 3551 847 3637 populi
870 3574 1041 3618 consensu:
1069 3553 1136 3618 sive
1158 3552 1328 3618 concilium
1350 3551 1465 3615 dieitur

292 3682 312 3723 a
334 3657 571 3740 consalandum,
594 3659 627 3723 id
650 3662 699 3724 est
720 3659 872 3723 vocando.
917 3658 955 3724 P.
978 3664 1030 3724 38.

293 3765 524 3830 Condicere
545 3769 594 3830 est
617 3765 748 3831 dicendo
771 3764 967 3831 denuntiare.
1013 3763 1054 3829 P.
1080 3769 1129 3831 64.

385 3957 410 4028 1)
429 3961 596 4012 censuerunt
617 3955 646 4010 Τ.
665 3986 699 3996 -
718 3955 745 4024 2)
763 3954 879 4010 censedo
898 3954 936 4008 M
944 3953 972 4009 Τ.
993 3985 1025 3994 ·-
1045 3956 1072 4024 3)
1091 3953 1211 4009 centussi
1228 3951 1275 4018 (Ρ,
1294 3950 1466 4006 centussibus

298 4044 337 4100 (ll
350 4044 416 4099 ΜΤ.
435 4076 466 4086 -
486 4045 514 4116 4)
532 4047 625 4100 terrae
642 4046 713 4099 nata
732 4043 865 4114 (natabus
883 4041 920 4110 G)
940 4043 1009 4097 labri.
1028 4073 1062 4084 -
1081 4044 1110 4112 5)
1129 4039 1364 4111 impendebantur
1382 4038 1415 4092 G.
1433 4069 1467 4077 —

294 4134 321 4198 6)
340 4133 461 4188 ducenta
479 4132 520 4186 M.
538 4163 572 4172 —
591 4134 619 4203 7)
639 4131 674 4186 ab
687 4148 718 4187 eo
733 4131 778 4186 cui
796 4131 866 4198 labri,
886 4146 917 4185 eo
929 4129 973 4184 cui
985 4129 1055 4199 culp.
1080 4130 1182 4199 [malim
1194 4145 1257 4183 eoa
1275 4144 1338 4196 quo.
1358 4126 1409 4181 Ta.
1419 4126 1465 4196 Μ.)

297 4249 325 4258 ·—
358 4220 386 4288 8)
412 4237 542 4289 sponsore
565 4219 606 4274 M.
634 4252 667 4262 —
693 4221 721 4289 9)
742 4220 774 4274 in
791 4235 841 4274 ora.
861 4217 931 4273 lara.
958 4248 993 4258 -
1018 4218 1061 4288 10)
1079 4216 1249 4275 concalendo
1270 4216 1300 4284 T,
1320 4231 1468 4271 conconca·
1576 4205 1577 4232 ³

296 4307 378 4363 leudo
398 4308 438 4360 M.
