3184 5156
689 377 776 450 Iegae
794 377 848 434 XII
865 378 1037 434 tabularum.

739 625 917 696 TABULA
940 627 997 694 XI.

366 771 396 836 1.
443 769 549 836 Oiccro
577 769 629 855 (dc
653 792 717 853 rep.
740 771 906 854 2‚36.37):
937 769 1144 855 (Decemviri)
1177 767 1302 835 cumX
1329 767 1463 836 tabulas

277 897 402 942 summa
422 875 533 962 legum
555 875 716 961 aequitate
730 876 963 961 prudentiaque
985 875 1257 960 conscripsissem,
1279 875 1313 940 iu
1335 897 1462 942 annum

277 986 442 1068 posterum
472 978 588 1046 Xviros
621 980 701 1046 alios
730 982 995 1068 subrogaverunt,
1017 1019 1062 1030 —
1093 982 1149 1067 qui
1180 982 1304 1047 duabus
1334 982 1460 1047 tabulis

275 1088 462 1174 iniquarum
483 1087 591 1172 legum
614 1086 730 1152 additis
752 1087 888 1154 conubia
910 1124 955 1135 -
976 1091 1013 1152 ut
1035 1109 1075 1152 ue
1097 1085 1184 1172 plebi
1205 1107 1279 1151 cum
1308 1086 1458 1172 patribus

281 1196 396 1275 essent,
418 1191 685 1258 inhumanissima
707 1192 778 1279 lege
800 1196 983 1259 sanxerunt.

362 1301 393 1364 2.
438 1297 625 1364 Macrobius
647 1296 718 1383 (sot.
742 1298 906 1383 1,13,21):
930 1297 1107 1363 Tuditanus
1129 1296 1239 1377 refert,
1262 1333 1305 1344 -
1324 1295 1454 1379 Xriros,

275 1403 332 1488 qui
353 1402 473 1469 tabuiis
495 1403 574 1468 duaa
597 1403 798 1484 addiderunt,
831 1403 870 1468 de
892 1403 1107 1470 intercalando
1135 1403 1290 1488 populum
1312 1424 1453 1490 rogasse.

275 1508 402 1575 Cassius
424 1510 550 1575 eosdem
571 1509 684 1576 scribit
705 1513 860 1575 auctores.

365 1615 396 1680 3.
444 1612 504 1681 Oic.
528 1614 586 1700 (cd
605 1613 671 1680 Aa.
696 1613 807 1698 6,1,8):
837 1614 1005 1701 Equibus
1033 1615 1138 1700 (libris
1168 1616 1207 1682 de
1236 1614 1318 1701 rep.)
1349 1637 1450 1682 unum

274 1717 430 1802 ἱστορικὸν
452 1719 587 1804 requiris
609 1719 648 1786 de
671 1717 727 1785 Cn.
751 1718 863 1786 Flauio
879 1718 967 1785 Anni
989 1720 1013 1786 f.
1058 1720 1118 1787 Ille
1139 1743 1215 1788 vero
1237 1725 1312 1788 aute
1333 1719 1451 1786 Xviros

274 1845 339 1889 non
361 1823 434 1889 fuit.
457 1861 500 1873 —
523 1824 606 1902 Quid
629 1846 706 1912 ergo
727 1825 873 1911 profecit,
902 1827 986 1912 quod
1009 1826 1145 1912 protulit
1166 1826 1291 1892 fastos?
1337 1823 1453 1890 Occul-

272 1933 376 1996 tatam
397 1934 515 2015 putant
537 1930 674 2016 quodam
696 1935 840 2018 tempore
861 1931 957 1997 istam
979 1931 1141 2014 tabulam,
1171 1935 1209 1996 ut
1242 1931 1309 1997 dies
1333 1929 1451 2018 ageuffi

271 2039 456 2119 peterentur
477 2059 497 2102 a
518 2037 637 2123 paucis.

346 2201 392 2250 XI.
412 2203 435 2249 1.
465 2201 502 2249 ct.
520 2193 605 2250 Dion.
625 2193 741 2266 (10,60):
768 2197 794 2248 ct
811 2196 842 2248 bt
859 2197 918 2262 περὶ
934 2195 979 2248 τὸν
996 2193 1111 2248 Ἄππιον
1127 2194 1189 2258 τοὺς
1207 2194 1317 2260 λοιποὺς
1335 2196 1450 2265 συγγρά-

274 2286 371 2352 ψαντες
389 2285 484 2352 νόμους
502 2285 530 2337 tv
547 2283 650 2348 δέλτοις
669 2285 724 2337 boel
741 2286 789 2337 ιιιιι
805 2284 903 2348 ταύτας
920 2288 978 2349 ταῖς
996 2285 1122 2352 πρότερον
1140 2284 1336 2351 ἕξινεχθιισαις
1354 2285 1449 2350 προσέ-

270 2375 377 2441 θηκαν·
404 2375 432 2427 ιν
450 2370 493 2438 aig
514 2375 561 2426 καὶ
579 2374 626 2426 boc
644 2375 660 2425 b
676 2375 757 2442 νόμος
774 2368 815 2441 ἥν,
834 2372 871 2441 μὴ
889 2372 986 2436 tectam
1003 2378 1059 2437 τοῖς
1076 2374 1223 2438 πατρικίοις
1239 2373 1306 2436 πρὸς
1324 2373 1386 2436 τοὺς
1404 2373 1449 2439 δη·

270 2462 397 2529 μοτιιιοὺς
420 2462 561 2531 ἐπιγαμίας
585 2461 703 2528 συνάψαι.
740 2457 802 2516 Le'u.
831 2460 912 2532 (4‚4).·
938 2467 990 2516 Hoc
1019 2468 1111 2531 ipram,
1139 2481 1170 2514 ne
1189 2466 1318 2515 muubium
1336 2466 1447 2530 patribus

269 2567 324 2603 cum
346 2554 418 2618 plebe
442 2558 521 2614 esset,
548 2569 596 2604 non
618 2554 688 2603 Xuiri
711 2555 821 2603 tulerunt
846 2555 930 2616 paucis
954 2554 993 2602 hle
1011 2555 1081 2602 aunis
1099 2555 1202 2619 peselmo
1221 2557 1333 2618 exemplo
1351 2554 1448 2617 publico

268 2656 323 2690 cum
349 2656 443 2690 summa
466 2643 554 2691 iniuria
577 2641 673 2705 plebiet
710 2633 772 2691 Gai.
800 2635 818 2690 l.
842 2635 884 2692 Π
900 2635 938 2692 ad
955 2635 1024 2690 XII
1044 2635 1094 2708 (D.
1111 2634 1278 2707 50,16,238):
1305 2643 1381 2691 Plebs
1409 2645 1449 2691 est

267 2732 344 2780 ceteri
360 2733 426 2780 olver
444 2731 496 2779 sine
515 2731 676 2780 aenatoribus.

281 2801 282 2806 ¹
338 2820 362 2866 ι.
398 2811 536 2866 Macroba'
561 2811 648 2866 locum
673 2827 692 2866 a
709 2809 789 2867 (boib.
807 2816 832 2867 ct
849 2809 930 2866 nou
949 2812 1074 2868 retectum
1090 2810 1237 2866 ιιιιιὼαιιι
1254 2811 1319 2866 buia
1336 2811 1447 2867 tabulae

267 2897 325 2956 Mo.
345 2895 779 2968 orca.31‚210;0.1.1].1,361.
808 2899 850 2970 by.
871 2899 934 2970 Lep.
954 2899 1032 2956 Rom
1051 2902 1075 2954 6.
1100 2899 1447 2971 Macr.(act.1,13,12.15):

267 2995 368 3042 alternis
393 2995 462 3042 annis
486 2994 555 3042 binos
574 2997 600 3042 ct
618 2994 728 3052 vicenos,
756 2993 858 3041 alternis
875 2998 956 3042 ternae
975 2995 1117 3055 vicenosque
1135 2993 1316 3043 intercalabant
1336 3019 1370 3028 —
1389 2998 1446 3058 poet

268 3082 409 3130 vicesimum
434 3085 460 3129 et
477 3083 576 3130 tertium
600 3083 664 3130 diem
689 3082 741 3130 eius
765 3076 915 3146 (Februarii)
935 3082 1129 3139 intercalabant,
1155 3079 1332 3130 Terminalibus
1352 3084 1447 3130 scilicet

265 3169 316 3218 iam
333 3170 451 3232 peractic;
481 3169 569 3217 deinde
586 3171 692 3232 reliquos
710 3168 836 3218 Februarii
854 3169 943 3216 mensis
961 3170 1025 3227 dier,
1044 3171 1085 3232 qui
1102 3174 1174 3217 eraut
1191 3169 1221 3228 V,
1240 3173 1295 3233 poet
1313 3169 1447 3218 intercala-

264 3260 356 3306 tionem
381 3256 570 3317 cubiungebant.
607 3249 681 3306 Ocu.
711 3247 746 3319 (d.
766 3249 791 3303 d.
810 3254 866 3305 ιιαι.
884 3251 975 3320 20,6).·
1001 3271 1055 3304 cum
1082 3258 1262 3306 intercalarium
1280 3271 1391 3304 mensam
1411 3257 1445 3304 22

265 3351 292 3394 et
310 3347 342 3394 2³
373 3345 466 3392 dierum
490 3345 591 3393 alternis
617 3344 686 3393 annis
712 3344 769 3392 addi
786 3345 926 3406 placuisset,
945 3368 978 3378 —
996 3345 1021 3393 in
1039 3359 1122 3394 manee
1140 3346 1290 3408 potissimum
1309 3344 1445 3392 Februario

267 3434 331 3482 inter
348 3431 495 3480 Terminalia
521 3437 547 3479 et
564 3432 721 3492 Regifugium
746 3432 918 3480 intercalatum
937 3436 982 3480 ιιι.
1020 3424 1110 3480 Orbus
1127 3424 1180 3495 dc'y.
1200 3423 1249 3495 (D.
1268 3427 1444 3496 50,16,98,1):

266 3522 327 3570 Cato
346 3524 432 3584 putat,
457 3532 564 3567 mensem
586 3519 757 3568 intercalarem
784 3521 924 3568 additicium
943 3535 1010 3580 ecee3
1038 3535 1168 3584 omnesque
1187 3522 1240 3568 ciue
1258 3521 1309 3568 dlee
1328 3534 1372 3582 pro
1392 3536 1444 3569 mo·

264 3615 345 3658 mento
371 3609 486 3672 temporie
510 3607 624 3656 observat
651 3612 807 3671 extremoque
831 3609 879 3656 diei
904 3608 993 3656 monela
1012 3608 1138 3655 Februarii
1156 3606 1270 3656 attribuit
1289 3607 1317 3662 Q.
1336 3609 1444 3656 Mucius.

265 3688 308 3761 Of.
327 3690 485 3758 Memorare,
504 3687 630 3744 θιινοιιοι.
647 3689 759 3742 18-40.
795 3687 931 3756 Huschke,
948 3692 1013 3743 ιόιι.
1030 3687 1108 3744 stud.
1125 3689 1263 3756 rsa-60.

334 3789 359 3837 3.
394 3779 443 3834 Ec
459 3778 509 3834 too
528 3776 662 3832 Οἰιιιοιιιι
679 3775 736 3831 loco
754 3775 840 3846 offecit
857 3776 916 3830 Mo.
936 3775 1045 3847 (Oluoc.
1062 3779 1172 3845 31,210,·
1199 3775 1227 3832 0.
1249 3775 1273 3830 I.
1291 3775 1353 3847 361)
1371 3777 1444 3848 recia

261 3867 370 3925 Numae
387 3867 508 3924 tabulam
520 3865 666 3936 fastorum,
685 3880 718 3919 eac
733 3863 914 3934 penetrabatur
926 3863 1086 3934 pontificum
1099 3863 1239 3934 prolatore
1257 3861 1328 3916 ΧΠ
1340 3864 1444 3919 tubalia

260 3958 388 4011 casatam
406 3971 467 4011 aesc.
495 3952 749 4024 quamsecurium
759 3957 863 4006 secatus
875 3951 936 4007 Scb.
949 3951 1062 4023 (63.156)
1074 3967 1130 4006 coa
1142 3951 1275 4006 dubitauit
1286 3951 1443 4007 autumem

261 4045 316 4100 tab.
330 4043 381 4097 XI
390 4043 475 4113 faeta
493 4043 604 4112 acplerc,
620 4047 703 4111 prout
720 4057 753 4095 cu
771 4041 890 4096 Iulianis
906 4040 1014 4095 restitui
1025 4044 1148 4108 pceeuut.
1175 4037 1212 4092 Ic
1222 4039 1295 4108 qaod
1305 4040 1380 4094 tarto
1391 4057 1442 4094 au·

259 4130 354 4186 dcam
364 4130 463 4201 fecsse
479 4130 548 4185 malci
562 4129 675 4197 udatur,
693 4145 753 4184 cum
765 4128 856 4198 fastos
873 4126 1046 4196 coerctione
1058 4123 1142 4178 Xuira‘
1150 4126 1354 4194 prompserint
1367 4133 1442 4182 certa

258 4219 365 4274 rcte'om
378 4219 506 4274 cmestitui
521 4233 576 4272 corr
590 4218 685 4287 possit.
712 4216 754 4286 Of.
767 4215 823 4270 Ha.
842 4213 989 4269 studere.
1016 4211 1201 4266 Nabaloraiaus
1207 4211 1300 4281 foetos
1312 4213 1442 4270 laticum

262 4302 329 4357 ΧΠ
337 4304 437 4359 tabula
453 4304 571 4359 suburere
584 4303 698 4374 placuit.
719 4334 753 4342 -
773 4301 815 4370 ΟΥ.
832 4299 886 4356 Oto.
905 4300 943 4372 (p.
953 4297 1096 4369 Mar.11):
1113 4307 1200 4355 Posset
1218 4308 1259 4368 agi
1277 4310 1334 4369 lege
1352 4324 1439 4367 necue,

259 4398 332 4460 pauci
349 4400 471 4462 quondam
483 4399 605 4458 sciebant3
624 4399 701 4445 fmtos
719 4396 783 4443 euim
797 4395 871 4454 vulgo
880 4408 929 4441 non
941 4393 1075 4442 habebant.
1094 4394 1172 4442 Erant
1183 4395 1209 4441 iu
1221 4407 1313 4456 magna
1325 4399 1439 4460 potentia

258 4486 302 4558 qul
319 4486 515 4547 consulebantur,
533 4501 549 4534 a
566 4485 653 4551 qulbus
672 4485 747 4532 etiam
766 4483 818 4530 dies
837 4484 962 4546 tamquam
980 4495 996 4528 a
1015 4480 1145 4530 Chaldaeis
1163 4481 1319 4546 petebantur.
1350 4485 1440 4534 Inven-
