3190 5148
651 350 909 408 Pseudo-Asconius.
1129 389 1130 394 κ
1307 354 1370 418 395
1404 324 1407 330 1
1495 353 1498 358 ’

199 534 327 620 publica
360 534 548 599 auctoritate
579 533 664 597 malo
686 532 814 616 publico
834 533 971 612 fiebant,
1003 531 1239 617 propterquod
1262 533 1372 614 postea

202 640 337 725 collegia
368 663 392 704 s.
418 661 443 704 c.
475 642 507 704 et
529 639 673 722 pluribus
701 637 827 722 legibus
859 641 934 701 sunt
955 637 1097 716 sublata,
1125 637 1251 724 praeter
1273 657 1374 719 pauca

202 748 298 828 atque
330 748 434 824 certa,
466 765 546 829 quae
576 743 699 807 utititas
728 742 868 806 civitatis
898 741 1119 822 desiderasset,
1150 741 1258 824 qualia
1281 740 1372 804 sunt¹

200 849 366 916 fabrorum
390 850 608 932 lictorumque.
655 849 714 929 (75
734 877 765 901 ε
786 849 853 932 67.)

523 1040 550 1096 υ.
574 1041 600 1096 tn
620 1039 772 1096 orationem
793 1038 818 1094 Ιιι
837 1041 903 1108 tous
923 1037 1049 1094 candida

289 1164 466 1230 Antonium
490 1199 532 1212 -
555 1187 697 1229 censores
719 1199 763 1212 --
778 1167 891 1228 senatu
906 1166 1082 1243 moverunt,
1106 1185 1277 1248 causasque
1300 1161 1376 1226 sub·

203 1270 413 1356 scripserunt,
447 1270 531 1354 quod
560 1269 661 1334 socios
691 1269 873 1354 diripuerit,
906 1269 990 1353 quod
1019 1269 1170 1334 iudicium
1193 1266 1372 1346 recusurit²,

205 1375 289 1458 quod
320 1378 450 1459 propter
481 1374 562 1440 aeris
592 1373 688 1438 alieni
718 1372 972 1458 magnitudinem
1000 1372 1129 1456 praedia
1155 1370 1371 1457 manciparit³,

204 1480 351 1563 bonaque
374 1479 483 1544 suain
508 1483 667 1564 potestate
689 1501 755 1544 non
777 1477 921 1544 habeat⁴.
966 1476 1025 1560 (84
1043 1509 1074 1532 ω
1095 1480 1161 1563 75.)
1240 1557 1242 1564 γ

203 1707 244 1772 V.
272 1703 454 1773 SOHOLIA
470 1703 655 1771 ASCONIO
669 1703 848 1771 ERRORE
864 1703 1060 1772 TRIBUTA
1082 1705 1131 1772 IN
1146 1705 1373 1774 CICERONIS

557 1855 559 1859 ·
671 1809 906 1876 VERRINAS.

645 1968 674 2023 Α.
697 1969 722 2023 tu
742 1967 942 2025 divinationem.

297 2111 314 2193 ξ
340 2109 369 2174 8.
404 2108 471 2175 ΤΗ
494 2108 655 2176 Gracchus
677 2111 780 2196 legem
802 2110 935 2192 tulerat,
967 2116 1003 2176 ut
1025 2113 1146 2196 equites
1170 2111 1306 2176 Romani
1328 2111 1379 2175 iu-

118 2254 124 2266 ·
208 2215 366 2293 dicarent3
390 2215 609 2281 iudicaverunt
630 2239 686 2301 per
702 2238 800 2282 annos
816 2215 908 2282 XXX
929 2218 996 2282 sine
1011 2217 1155 2282 infamia.
1183 2217 1261 2282 Post
1276 2217 1378 2281 victor

210 2319 316 2386 Sulla⁶
340 2322 425 2405 leges
448 2321 582 2400 tulerat,
614 2324 650 2385 ut
672 2323 849 2388 senatorius
873 2322 950 2387 ordo
972 2322 1141 2402 iudicaret,
1173 2326 1205 2388 et
1227 2322 1378 2386 iudicavit

208 2448 265 2509 per
286 2425 317 2489 X
342 2448 441 2491 annos
464 2428 609 2511 turpiter.
656 2426 766 2493 Nunc⁷
789 2428 939 2494 Aurelius
966 2427 1087 2512 [Cotta]
1111 2429 1211 2513 legem
1235 2427 1312 2505 fert,
1343 2430 1379 2491 ut

209 2535 368 2596 senatores
399 2535 431 2596 et
454 2532 575 2616 equites
597 2532 735 2599 Romani
764 2558 801 2600 ac
822 2535 944 2600 tribuni
972 2535 1085 2600 aerarii
1108 2535 1203 2600 simul
1224 2535 1372 2601 iudicent.

208 2634 253 2718 (p.
275 2642 339 2703 roe
361 2636 497 2721 Batia.)

296 2740 455 2826 Regendis
486 2741 627 2806 moribus
657 2741 795 2807 civitatis
824 2765 967 2809 censores
996 2745 1107 2829 quinto
1139 2766 1263 2830 quoque
1294 2767 1378 2809 anno

211 2848 310 2914 creari
333 2846 486 2912 solebant.
533 2847 576 2912 Hi
599 2869 727 2931 prorsus
750 2850 833 2914 cives
855 2850 900 2914 sic
915 2851 1089 2915 notabant:
1112 2855 1159 2930 ut,
1182 2850 1236 2936 qui
1252 2854 1379 2915 senator

210 2957 305 3032 esset,
337 2952 489 3017 eiceretur
513 2955 642 3030 senatu3
676 2953 730 3037 qui
753 2976 847 3038 eques
871 2953 1045 3035 Romanus,
1077 2955 1378 3041 equumpublicum

211 3059 372 3143 perderet3
404 3057 459 3143 qui
481 3058 633 3143 plebeius,
656 3059 690 3123 in
712 3059 869 3124 Caeritum
894 3061 1020 3125 tabulas
1042 3060 1213 3126 referretur
1235 3065 1267 3126 et
1289 3084 1378 3126 aera·

211 3164 276 3228 rius
298 3162 397 3242 fieret,
421 3183 459 3226 ac
480 3184 536 3246 per
557 3163 617 3228 hoc
640 3186 704 3228 non
727 3169 808 3231 esset
830 3166 863 3230 in
886 3167 959 3230 albo
982 3167 1142 3232 centuriae
1157 3190 1242 3245 suae,
1266 3167 1320 3231 sed
1337 3167 1377 3231 ad

209 3267 269 3332 hoc
299 3290 362 3332 non
386 3272 467 3332 esset
485 3269 564 3363 civis
586 3271 822 3336 tantummodo⁸
845 3277 881 3337 ut
902 3294 960 3357 pro
983 3273 1086 3358 capite
1107 3295 1164 3337 suo
1181 3272 1295 3336 tributi
1319 3294 1378 3336 no-

210 3374 295 3438 mine
317 3395 391 3438 aera
412 3373 603 3457 praeberat⁰.
649 3373 755 3457 (103.)

300 3479 319 3562 ᾖ
344 3479 393 3543 11.
439 3478 501 3556 Qui
523 3479 664 3545 defendit
685 3481 821 3547 alterum
843 3483 877 3546 in
898 3483 1025 3563 iudici0,
1048 3484 1105 3547 aut
1126 3484 1279 3565 patronus
1301 3480 1380 3546 dici-

302 3739 328 3810 1)
346 3739 507 3808 Mormnsen,
536 3740 617 3809 quasi
639 3742 672 3794 ut
696 3741 766 3795 labri.
790 3773 823 3781 -
847 3742 874 3812 2)
893 3741 1031 3797 recusauit
1049 3743 1119 3796 labri.
1139 3773 1168 3783 -
1189 3741 1217 3812 3)
1236 3740 1378 3811 mancipa-

212 3827 255 3882 uit
273 3827 341 3882 labri.
373 3857 400 3866 ..
431 3827 459 3897 4)
477 3827 563 3881 habet
581 3827 650 3881 lua.
676 3858 710 3867 -
738 3827 780 3896 Of.
800 3828 853 3883 Orc.
873 3829 905 3882 dc
924 3835 991 3882 orat.
1009 3828 1150 3896 2,55:·ubi
1168 3829 1234 3882 sunt
1251 3827 1272 3881 ii
1291 3827 1379 3892 fundi,

211 3915 311 3978 Brute,
336 3932 404 3983 quos
423 3913 477 3969 tibi
494 3916 576 3984 pater
594 3915 713 3984 publicis
732 3916 938 3972 commentariis
957 3918 1136 3985 consignatos
1156 3915 1289 3985 reliquit?
1328 3915 1381 3970 Oic.

212 4020 265 4073 pro
284 4002 363 4074 Spita
379 4005 517 4070 20,58.59.·
544 4004 637 4057 veuire
662 4021 757 4059 omnes
775 4022 838 4058 suas
858 4005 1039 4074 possessiones
1057 4006 1086 4058 et
1104 4003 1274 4074 patrimonio
1292 4019 1320 4058 se
1338 4021 1381 4059 or-

215 4089 361 4144 natissimo
379 4088 495 4159 spoliari
514 4089 617 4145 maluit
635 4090 757 4163 (Sittius)
775 4111 862 4167 quam
879 4093 967 4147 ullam
986 4108 1093 4147 moram
1110 4091 1238 4160 cuiquam
1251 4091 1311 4145 fieri
1324 4107 1380 4145 cre·

218 4177 339 4233 ditorum
358 4195 484 4242 suorum;
504 4207 536 4217 -
556 4195 702 4248 nunquam
720 4179 772 4233 sibi
791 4181 985 4249 cognationem
1003 4197 1066 4234 cum
1084 4177 1205 4248 praediis
1217 4193 1274 4232 esse
1286 4178 1380 4234 existi-

214 4265 303 4321 mavit
321 4265 384 4319 suis.
422 4264 464 4334 Cf.
484 4265 610 4335 Radorff,
628 4267 806 4324 rdm.Fcldm.
825 4272 913 4335 2,303.
938 4267 1091 4338 Scbweplcr,
1109 4272 1175 4322 rdm.
1189 4266 1281 4321 caen.
1293 4270 1379 4334 244⁵.

213 4387 246 4394 -
270 4354 297 4424 5)
313 4355 352 4408 sic
369 4355 439 4410 iibri.
470 4384 500 4393 —
528 4354 554 4424 6)
572 4372 597 4408 u.
616 4358 674 4409 673,
706 4383 738 4395 ,..
757 4355 783 4425 7)
801 4374 827 4410 α.
846 4359 905 4410 684.
924 4386 958 4395 -
981 4356 1009 4426 8)
1028 4358 1141 4412 tautum
1166 4356 1278 4410 tantum
1297 4354 1380 4414 modo

215 4445 279 4498 ibra'.
299 4473 332 4482 —-
352 4445 381 4510 9)
401 4442 443 4512 ty,
463 4443 618 4511 Mormnscn,
638 4441 753 4499 sacar.
771 4446 851 4514 2,392
868 4461 895 4498 a.
913 4447 938 4500 3.
