3190 5148
253 334 317 399 400
759 329 900 386 Boethius.

250 507 360 574 velle¹.
384 505 550 583 -Quam
574 507 818 571 sollemnitatem
852 507 885 570 in
909 507 973 570 suis
1006 507 1163 571 institutis
1191 506 1347 591 Ulpianus
1370 532 1425 573 ex·

251 615 352 698 ponit.
398 613 503 696 (999.)
529 611 602 676 Ec
624 611 756 676 Boethio
779 612 871 676 schol.
905 611 1085 694 Verpc'tiomr
1107 611 1150 674 od
1175 611 1249 676 Aeo.
1273 618 1380 692 4,214‚

327 719 375 782 ‘cc
398 718 417 782 1.
434 723 458 782 2
480 718 524 781 od
538 737 562 781 c.
579 721 671 795 4,19.
707 714 741 780 Si
757 715 884 800 quando
900 715 1073 780 divortium
1088 715 1316 781 intercessisset
1332 718 1424 802 culpa

252 823 404 901 mulieris,
427 826 518 907 parte
542 822 678 905 quadam
701 822 783 886 dotis
805 843 864 904 pro
879 820 1052 885 liberorum
1067 842 1199 885 numero
1215 822 1421 888 multabatur.

253 930 300 994 De
325 951 388 1014 qua
410 950 445 992 re
467 926 585 991 Paulus
615 924 837 989 institutorum
860 925 881 988 1.
905 922 937 988 H
959 925 1055 990 titulo
1078 926 1116 990 de
1139 925 1267 992 dotibus
1289 927 1336 990 ita
1359 926 1421 991 dis·

256 1036 373 1100 seruit:
398 1032 441 1099 ‘Si
465 1031 637 1098 divortium
660 1033 708 1094 est
730 1030 936 1109 matrimonii,
960 1033 992 1095 et
1014 1030 1075 1095 hoc
1093 1030 1160 1096 sine
1175 1032 1269 1115 culpa
1283 1032 1423 1097 mulieris

254 1140 375 1204 factum
400 1143 458 1218 331,
482 1139 538 1203 dos
557 1138 684 1222 integra
699 1140 875 1222 repetetur;
899 1137 983 1221 quod
998 1137 1026 1201 si
1040 1137 1134 1221 culpa
1147 1137 1289 1202 mulieris
1304 1138 1424 1204 factum

255 1249 303 1310 331
326 1244 508 1323 divortium,
531 1243 566 1306 in
588 1243 732 1330 singulos
755 1242 871 1307 liberos
895 1247 984 1306 sexta
1007 1265 1079 1327 pars
1102 1242 1185 1307 dotis
1209 1245 1358 1308 amarito
1374 1267 1424 1309 re-

254 1351 376 1415 tinetur
399 1371 498 1433 usque
520 1348 559 1412 ad
576 1347 712 1411 mediam
734 1349 858 1430 partem
874 1347 1041 1412 dumtaxat
1056 1347 1159 1412 dotis'
1206 1347 1319 1428 Quare,
1344 1371 1422 1433 quo·

256 1457 342 1520 niam
367 1455 451 1539 quod
474 1477 511 1518 ex
534 1453 607 1518 dote
630 1452 838 1536 conquiritur,
862 1451 1035 1516 liberorum
1058 1456 1115 1532 est,
1140 1453 1194 1536 qui
1211 1453 1302 1518 liberi
1318 1454 1352 1518 in
1367 1477 1425 1538 pa-

255 1561 314 1624 tris
338 1562 494 1644 potestate
517 1562 601 1638 sunt,
624 1559 656 1622 id
673 1557 757 1641 apud
771 1557 874 1621 virum
890 1579 1014 1622 necesse
1029 1560 1077 1622 est
1092 1580 1284 1641 permanere.
1321 1559 1425 1642 (303.)

344 1686 381 1730 cx
405 1665 424 1728 l.
447 1670 472 1728 9
493 1665 536 1729 od
557 1685 580 1728 c.
597 1669 626 1743 4,
639 1669 693 1728 23.
728 1661 887 1746 Usucapio
910 1667 958 1727 331
981 1663 1107 1746 adeptio
1130 1664 1262 1728 dominii
1277 1687 1334 1748 per
1349 1685 1425 1728 con·

257 1770 469 1836 tinuationem
501 1769 603 1834 iustae
635 1769 842 1852 possessionis
871 1768 993 1834 biennii
1023 1773 1080 1833 aut
1110 1769 1242 1835 alicuius
1264 1769 1425 1854 temporis.

252 1876 469 1940 Plurimarum
500 1875 602 1959 igitur
632 1897 738 1940 rerum
765 1874 915 1959 usucapio
939 1896 1045 1938 annua
1067 1879 1132 1953 est,
1164 1879 1210 1953 ut,
1235 1874 1261 1938 si
1285 1874 1356 1959 quis
1380 1874 1424 1938 eis

254 2002 338 2044 anno
361 1981 511 2045 continuo
534 1979 631 2044 fuerit
654 2002 739 2059 usus,
771 1978 804 2043 id
826 1978 919 2043 firma
941 1979 1019 2044 iuris
1043 1979 1233 2044 auctoritate
1255 1980 1425 2064 possideat,

253 2087 341 2151 velut
364 2109 431 2151 rem
453 2087 619 2165 mobilem3
644 2085 736 2150 fundi
758 2107 833 2150 vero
849 2086 999 2169 usucapio
1017 2083 1139 2149 biennii
1155 2085 1306 2168 temporis
1322 2085 1427 2168 spatio

253 2191 444 2256 continetur.
468 2228 511 2238 -
535 2192 581 2256 ait
605 2190 757 2278 (Cicero):
785 2194 841 2271 ‘ut,
868 2191 1018 2275 quoniam
1041 2212 1116 2254 usus
1140 2190 1312 2255 auctoritas
1335 2190 1427 2254 fundi

256 2295 420 2359 biennium
443 2300 500 2376 est,
524 2296 567 2360 sit
589 2296 685 2360 etiam
708 2295 854 2360 aedium'
900 2294 963 2359 Hic
984 2294 1085 2379 igitur
1107 2295 1232 2359 aedium
1253 2317 1329 2359 usus
1352 2317 1427 2360 auc·

253 2402 417 2466 toritatem
439 2401 568 2465 biennio
590 2400 660 2465 fieri
682 2398 806 2465 sentit².
853 2399 958 2483 (308.)

342 2528 380 2572 ea
403 2507 422 2570 1.
445 2506 532 2571 4311
554 2527 577 2570 c.
603 2511 719 2586 1141.
764 2505 928 2570 Fiduciam
951 2541 992 2551 -
1016 2505 1146 2590 accepit,
1168 2505 1354 2591 cuicumque
1376 2529 1426 2572 res

256 2611 365 2694 aliqua
387 2611 605 2695 mancipatur,
635 2616 671 2675 ut
699 2633 767 2676 eam
801 2611 997 2694 mancipanti
1020 2611 1230 2694 remancipet;
1262 2611 1368 2691 velut,
1399 2613 1427 2675 si

256 2717 326 2800 quis
349 2721 474 2800 tempus
498 2717 629 2782 dubium
652 2717 768 2781 timens
792 2717 892 2781 amico
916 2715 1089 2800 potentiori
1107 2715 1241 2780 fundum
1256 2717 1425 2801 mancipet,

259 2825 296 2885 ut
318 2821 356 2900 ei,
380 2843 452 2886 cum
467 2825 592 2905 tempus
610 2822 694 2906 quod
708 2825 887 2906 suspectum
904 2825 952 2886 est
966 2820 1175 2906 praeterierit,
1192 2821 1311 2886 reddat.
1341 2821 1427 2886 Haec

260 2927 455 3010 mancipatio
478 2925 642 2991 fiduciaria
665 2926 849 2991 nominatur
871 2925 1000 3006 idcirco,
1033 2926 1117 3009 quod
1140 2927 1326 2992 restituendi
1349 2926 1426 2991 fides

256 3031 480 3114 interponitur.
526 3031 630 3114 (340.)

344 3158 382 3202 ec
404 3137 423 3200 1.
450 3136 534 3201 dod
555 3157 578 3200 c,
602 3141 652 3215 17,
669 3141 719 3202 65.
764 3135 894 3201 Dos-
921 3136 995 3202 licet
1026 3137 1229 3203 matrimonio
1261 3140 1427 3202 constante

255 3242 288 3306 in
313 3240 404 3307 bonis
427 3239 488 3304 viri
511 3240 567 3318 sit,
600 3244 648 3305 est
670 3244 777 3305 tamen
799 3241 834 3304 in
856 3241 964 3306 uxoris
986 3241 1069 3322 iure,
1101 3245 1227 3326 etpost
1250 3241 1425 3306 divortium

258 3347 347 3410 velut
379 3367 428 3410 res
458 3346 570 3409 uxoria
599 3345 665 3429 peti
688 3349 801 3430 potest.
847 3345 935 3422 Quae
958 3346 1084 3429 quidem
1116 3346 1171 3411 dos
1194 3346 1353 3410 interdum
1376 3345 1426 3410 his

215 3467 216 3470 ’
258 3449 495 3515 condicionibus
526 3451 594 3515 dari
626 3451 763 3530 solebat,
795 3455 847 3531 ut,
880 3451 907 3514 si
929 3451 1013 3515 inter
1035 3451 1139 3515 virum
1161 3473 1354 3535 uxoremque
1378 3451 1426 3515 di-

256 3556 397 3620 vortium
429 3557 631 3641 contigisset,
665 3557 758 3640 ‘quod
788 3555 900 3620 melius
930 3556 1060 3640 aequius
1082 3556 1182 3634 esset’,
1215 3555 1299 3639 apud
1322 3555 1427 3620 virum

256 3664 448 3740 remaneret,
480 3661 639 3746 reliquum
662 3660 744 3726 dotis
766 3661 988 3726 restitueretur
1010 3661 1116 3740 uxori,
1148 3660 1319 3740 11331111,
1343 3659 1427 3744 quod
1503 3652 1506 3659 ’

259 3787 297 3829 ex
321 3767 394 3830 dote
416 3766 590 3831 iudicatum
619 3766 731 3831 fuisset
752 3767 864 3831 melius
888 3765 1019 3850 aequius
1042 3787 1126 3845 esse,
1158 3770 1195 3829 ut
1218 3766 1300 3850 apud
1323 3766 1427 3830 virum

258 3875 409 3951 maneret,
434 3871 466 3935 id
489 3871 539 3936 vir
561 3872 623 3935 sibi
644 3872 812 3952 retineret,
846 3872 929 3955 quod
953 3893 1026 3936 vero
1049 3892 1112 3935 non
1136 3875 1217 3934 33331
1239 3871 1351 3935 melius
1375 3893 1427 3934 ae-

260 3975 353 4058 quius
386 3977 470 4061 apud
500 3977 604 4042 virum
635 3999 778 4056 manere,
811 3977 843 4041 id
866 3997 946 4039 uxor
975 3979 1047 4059 post
1070 3975 1242 4039 divortium
1265 3975 1427 4059 reciperet.

347 4151 372 4218 l)
392 4149 444 4206 On.
464 4149 496 4202 dc
514 4157 581 4206 orat.
601 4154 672 4218 r‚56.·
697 4166 785 4219 neque
803 4148 874 4203 illud
894 4149 936 4202 est
956 4147 1121 4213 mirandum,
1150 4149 1198 4217 qui
1216 4149 1317 4218 quibus
1335 4149 1427 4205 verbis

259 4237 396 4307 coemptio
420 4238 486 4301 fiat,
513 4237 626 4302 nesciat,
654 4238 772 4293 eundem
795 4237 852 4292 31113
871 4235 996 4290 mulieris
1014 4253 1085 4305 quae
1103 4237 1304 4308 coemptionem
1323 4236 1428 4301 fecerit,

261 4341 374 4379 causam
397 4341 476 4394 posse
503 4324 658 4380 defendere.
685 4356 719 4366 -
747 4327 774 4394 2)
793 4325 847 4380 Oic.
861 4340 914 4394 pro
934 4323 1008 4378 Oacc.
1027 4327 1074 4377 19:
1099 4324 1145 4378 lex
1163 4342 1243 4379 usum
1261 4327 1290 4380 et
1309 4325 1428 4382 auctori-

258 4414 348 4472 tatem
368 4411 450 4467 fundi
467 4411 546 4466 iubat
564 4429 622 4466 esse
641 4412 793 4468 biennium·
831 4411 872 4480 11.
890 4409 977 4466 ZRG.
995 4413 1078 4481 9,195.
