3190 5148
295 365 359 430 354
836 359 942 416 Festus.

294 540 368 604 dere
389 536 434 604 is¹
457 559 529 604 vere
550 541 657 620 potest
675 537 786 605 dicore.
820 535 934 620 Itaque
961 537 994 602 iu
1010 536 1162 622 legitimis
1178 539 1359 606 actionibus
1375 562 1467 604 nemo

295 667 334 708 ex
357 643 408 712 his
433 642 504 729 qui2
528 643 757 728 possessionem
780 664 870 708 suam
884 664 997 710 uocare
1012 643 1116 722 audet,
1140 643 1194 708 sed
1209 643 1248 710 ad
1264 643 1469 711 interdictum
1567 637 1568 640 '

297 749 400 828 venit,
431 753 469 816 ut
490 752 618 833 praetor
646 747 698 812 his
720 747 825 814 verbis
848 751 975 816 utatur:
1010 746 1079 812 ‘Uti
1100 769 1185 816 nnnc
1207 749 1374 832 possidetis
1397 771 1470 814 aum
1567 793 1568 808 2

295 853 457 934 fundum³‚
491 851 580 940 qluo)
603 853 669 935 dle)
693 852 839 937 a(gitur)‚
873 852 957 936 quod
989 873 1046 918 nco
1076 852 1109 918 vi
1131 874 1188 920 neo
1210 853 1293 920 clam
1315 875 1373 918 nec
1395 875 1469 937 pre·

295 958 382 1023 cario
406 959 487 1028 alter
509 959 550 1024 ab
566 959 666 1025 altero
682 957 858 1042 possidetis,
882 958 960 1042 [quo
976 956 1111 1041 minus⁴l
1134 958 1181 1024 ita
1194 959 1393 1042 possideatis,
1415 959 1470 1023 ad·

296 1085 404 1130 versus
428 1087 465 1129 ea
487 1065 553 1132 vim
575 1063 645 1130 fieri
668 1085 688 1126 v
706 1065 762 1132 to.'
807 1061 847 1126 F.
869 1067 947 1128 233.

296 1166 546 1237 Possession
557 1190 596 1234 es
620 1166 825 1251 appellantur
847 1167 917 1252 agri
932 1165 996 1231 late
1011 1166 1172 1251 patentcs⁶
1195 1167 1317 1251 publici
1332 1168 1467 1252 privati·

298 1295 368 1357 que,
392 1274 483 1358 quia⁰
507 1295 570 1338 non
593 1272 828 1356 mancipatione
848 1272 903 1338 sed
925 1293 985 1338 usu
1004 1271 1194 1338 tenebantur
1216 1277 1248 1338 et
1263 1277 1300 1337 ut
1314 1272 1467 1358 quisque⁷

298 1382 516 1464 occupaverat,
539 1375 690 1448 colebas.
735 1376 774 1442 F.
797 1382 873 1448 241,

295 1482 398 1550 Post
429 1483 645 1552 liminium
676 1485 888 1564 receptum
920 1480 1030 1550 Gallus
1058 1480 1168 1550 asbus
1200 1483 1233 1548 in
1256 1483 1340 1548 libro
1362 1482 1467 1566 primo

298 1589 578 1674 significationum,
603 1609 683 1669 quae
706 1586 745 1650 ad
767 1587 817 1650 ius
840 1587 1011 1670 pertinent,
1035 1587 1081 1652 ait
1103 1610 1170 1653 esse
1193 1611 1274 1669 cum,
1299 1588 1355 1672 qui
1378 1589 1469 1667 liber,

298 1717 337 1758 ex
360 1717 423 1779 qua
445 1694 574 1760 civitate
595 1693 630 1756 in
652 1691 746 1759 aliam
770 1691 931 1760 civitatem
954 1693 1087 1772 abierat,
1109 1694 1144 1757 in
1160 1693 1291 1760 candem
1306 1693 1468 1762 civitatem

296 1799 380 1866 redit
409 1820 446 1863 eo
468 1799 555 1877 iure,
586 1797 671 1881 quod
694 1797 902 1866 constitutum
924 1802 974 1865 est
996 1799 1034 1863 dc
1056 1799 1266 1882 postliminis;
1297 1799 1375 1864 item
1398 1799 1469 1883 qui⁹

297 1926 403 1972 servos
426 1927 445 1968 a
468 1904 560 1970 nobis
589 1903 623 1968 in
645 1901 788 1970 hostium
810 1907 1000 1987 potestatem
1023 1903 1185 1987 pervenit,
1217 1909 1327 1990 postea
1349 1906 1388 1969 ad
1411 1925 1468 1968 nos

297 2009 380 2077 redit
402 2009 437 2076 in
459 2009 527 2077 cius
549 2011 751 2093 potestatem,
774 2008 863 2074 cuius
886 2011 981 2076 antea
999 2007 1071 2089 fuit,
1093 2010 1162 2078 iuro
1178 2009 1372 2094 postlimini;
1397 2010 1469 2095 equi

295 2118 328 2178 et
350 2114 430 2178 muli
452 2118 485 2179 et
497 2114 589 2178 navis
604 2113 712 2180 eadem
731 2114 813 2178 ratio
829 2117 877 2178 est
891 2113 1124 2198 postliminium
1139 2115 1327 2199 receptionis
1351 2114 1466 2201 quae¹⁰

297 2219 389 2288 servi.
435 2218 522 2291 Quae
550 2241 668 2305 genera
698 2241 804 2289 rorum
835 2219 875 2288 ab
897 2219 1043 2288 hostibus
1066 2221 1107 2286 ad
1128 2242 1187 2285 nos
1208 2225 1283 2304 post
1310 2221 1468 2285 liminium

298 2325 440 2403 redeunt,
464 2324 573 2389 eadem
594 2346 714 2410 genera
735 2347 839 2392 rerum
862 2346 883 2392 s
905 2325 997 2396 noble
1020 2326 1059 2389 ad
1076 2324 1178 2392 hostis
1201 2327 1303 2391 redire
1324 2330 1467 2410 possunt.

299 2429 378 2496 Cum
401 2431 528 2515 populis
550 2429 660 2499 liboris
682 2433 716 2496 ct
737 2451 809 2494 cum
832 2429 1001 2498 foederatis
1024 2433 1057 2496 et
1078 2452 1150 2498 oum
1164 2431 1294 2517 regibus
1309 2431 1466 2516 postlimi-

297 2537 385 2601 nium
408 2537 500 2604 nobis
523 2540 572 2602 est
592 2536 640 2602 ita
661 2536 710 2604 uti
733 2557 804 2605 cum
819 2535 982 2615 hostibus3
1006 2559 1086 2621 quas
1101 2536 1244 2602 nationes
1260 2537 1295 2600 in
1311 2535 1467 2601 dicione¹¹
1572 2611 1573 2614 Ἴ

296 2644 407 2705 nostra
429 2645 515 2721 sunt,
537 2662 609 2708 cum
630 2639 715 2708 bis¹²
741 2640 985 2728 [poablnlntma
1006 2661 1070 2706 noa
1091 2643 1159 2724 est}
1203 2642 1242 2706 F.
1262 2647 1339 2707 218.
1371 2639 1469 2705 Post

296 2746 540 2813 liminium¹³
564 2751 763 2832 receptus
786 2747 903 2812 dicitur
925 2746 997 2827 is¹⁴‚
1022 2747 1077 2830 qui
1092 2749 1183 2811 extra
1197 2745 1320 2823 limina,
1345 2745 1406 2811 hoc
1422 2752 1469 2811 est

296 2850 450 2918 terminas
472 2851 663 2935 provincias,
686 2857 798 2936 captus
820 2851 936 2931 fuerat,
959 2873 1068 2917 rursus
1085 2852 1126 2916 ad
1140 2851 1270 2936 propria
1284 2852 1465 2918 revortitur.

297 2955 336 3018 P.
358 2960 435 3026 219.

296 3117 505 3131 ——p—

296 3199 427 3267 pborcsoa
450 3227 486 3237 -
512 3197 555 3263 19)
574 3196 701 3266 [Hibitam
719 3196 817 3251 codice
833 3195 937 3265 captori
957 3209 1004 3264 epo
1019 3195 1105 3251 verbis
1121 3211 1172 3250 nec
1190 3213 1283 3262 snum3
1302 3214 1391 3267 neque
1404 3214 1467 3267 pro

294 3286 389 3354 posuit
407 3285 548 3352 Οιιίαοίαε,
576 3301 628 3354 quo
645 3290 746 3340 retento
773 3300 836 3338 moa
857 3282 970 3352 probis
989 3297 1053 3337 uere
1072 3282 1227 3338 Husctlrias
1253 3285 1335 3340 serbi
1350 3286 1430 3340 hesit
1445 3285 1468 3338 is

298 3390 380 3430 snam
397 3389 466 3430 rem.
493 3372 544 3427 Tu.
562 3372 609 3443 M.]

371 3462 396 3530 1)
414 3459 457 3514 his
476 3458 532 3514 ccci
551 3489 585 3498 -
603 3461 631 3527 2)
649 3475 682 3514 ex
694 3458 737 3514 his
749 3459 807 3530 qni]
825 3477 858 3514 ex
870 3459 931 3515 iure
944 3459 1094 3529 Quiritium
1114 3460 1274 3530 compendiis
1290 3461 1360 3516 ende
1376 3461 1469 3516 setteis

295 3550 465 3604 scribendum
482 3565 536 3605 esse
553 3550 687 3604 carminat
704 3549 868 3606 Hoscblrios.
886 3580 921 3589 —
948 3549 976 3619 3)
995 3547 1031 3602 Ia
1048 3549 1086 3602 D.
1104 3551 1218 3616 43,17‚1.·
1244 3547 1295 3601 Uti
1313 3564 1360 3601 eas
1379 3547 1468 3602 aedes.

298 3667 332 3675 —
350 3635 377 3704 4)
396 3653 451 3704 quo
469 3636 560 3689 minus
579 3653 629 3691 om.
648 3636 714 3704 cod„
732 3637 830 3692 babeat
847 3637 885 3690 D.
905 3637 923 3691 l.
937 3654 958 3692 o.
978 3643 1003 3692 et
1016 3637 1102 3692 Gaius
1118 3639 1203 3703 4160.
1222 3666 1255 3674 -
1273 3635 1301 3702 5)
1320 3635 1394 3689 Ptin.
1408 3636 1467 3689 bist.

298 3726 491 3792 nat.1s‚6‚35:
516 3724 682 3779 Latifundia
699 3724 845 3794 perdidere
864 3725 988 3790 Italiam,
1006 3725 1064 3780 iam
1083 3742 1147 3780 varo
1166 3726 1194 3777 et
1212 3722 1380 3793 provincias.
1416 3721 1467 3776 Sex

304 3810 411 3866 domini
430 3811 569 3868 semissem
587 3811 699 3867 Africae
717 3810 910 3881 possidebant,
938 3829 999 3866 cum
1017 3809 1160 3866 interfecit
1178 3827 1222 3866 eos
1242 3809 1316 3866 Nero
1334 3809 1469 3880 princeps.

301 3896 354 3953 (ne.
373 3897 405 3952 de
424 3899 470 3968 off.
488 3903 564 3968 2,21:
581 3899 728 3970 Philippus
747 3929 788 3964 -,
807 3917 869 3953 cum
887 3898 979 3969 legem
992 3898 1136 3968 agrariam
1149 3899 1241 3962 ferret,
1263 3927 1294 3936 —·
1314 3897 1345 3951 in
1359 3897 1468 3967 agendo

300 3986 394 4040 multa
412 3988 600 4057 populariter,
627 3990 689 4042 tum
707 3987 779 4041 illud
798 3988 887 4043 male:
916 4005 972 4044 non
990 4003 1048 4042 esse
1065 3985 1096 4046 in
1114 3986 1231 4042 civitate
1250 3985 1305 4040 duo
1323 3985 1404 4040 milia
1421 3985 1467 4040 hc·

301 4074 416 4139 minum,
435 4074 558 4144 quirem
577 4075 722 4132 haberent.
740 4106 774 4116 —
793 4077 821 4146 6)
838 4077 877 4132 sic
895 4077 951 4132 cod.
971 4108 1002 4117 -
1022 4078 1049 4145 7)
1067 4077 1114 4143 a'e,
1131 4073 1349 4144 nonquisquam,
1369 4074 1468 4130 eod.-

297 4163 324 4234 8)
344 4164 383 4217 sic
400 4163 530 4232 Niebuhr,
549 4164 701 4220 collidebat
719 4165 785 4232 cod„
803 4165 964 4234 possidebat
985 4165 1105 4222 Ursinus.
1132 4163 1173 4232 Of.
1192 4162 1258 4218 Isioi.
1277 4163 1469 4232 orip.15,13,3.

297 4280 331 4288 -
361 4252 388 4318 9)
407 4250 530 4322 itemque
548 4253 604 4308 cod.
633 4283 665 4292 —
694 4253 736 4318 10)
754 4252 892 4321 reciptum
909 4252 1006 4322 isqnae
1024 4251 1079 4306 cccl.
1100 4281 1127 4290 —
1154 4251 1195 4314 11)
1213 4249 1342 4320 opinione
1359 4249 1416 4304 cod.
1435 4278 1469 4287 —

300 4338 345 4406 12)
363 4337 430 4394 Post
446 4355 510 4393 cum
528 4340 693 4395 bistictum
710 4357 765 4395 non
781 4341 903 4398 indicant
921 4339 1027 4396 codices.
1052 4367 1080 4380 -
1105 4339 1149 4410 13)
1166 4337 1362 4408 postlimiuum
1383 4337 1413 4392 Τ.
1435 4365 1469 4376 -·

299 4426 341 4498 14)
358 4424 421 4500 [pro
437 4425 462 4479 is
488 4427 580 4481 ocelim
598 4428 629 4482 si.
657 4429 706 4484 Tu.
726 4429 774 4506 M.]
