3214 5168
689 344 795 404 Festus.
1275 352 1339 418 339

163 522 278 587 Flam
290 545 373 588 mec
396 523 543 589 amicitur
565 524 687 588 nubens
711 524 842 588 ominis¹
866 523 961 589 boni⁸
983 546 1087 606 causa,
1112 528 1196 610 quod
1220 549 1256 593 eo
1279 528 1335 592 ad-

164 629 253 693 sidue
275 629 425 693 utebatur
448 629 618 705 flaminica,
641 628 674 693 id
697 632 746 693 est
768 628 906 694 flaminis
938 653 1028 710 uxor,
1053 631 1103 695 cui
1129 655 1194 697 non
1223 633 1339 698 licebat

163 735 266 800 facere
289 735 469 799 divortium.
517 734 554 799 P.
580 739 632 798 89.

163 840 372 904 Flammeo
402 839 591 904 uestimento
619 839 779 905 flaminica
801 841 970 920 utebatur,
1003 840 1036 904 id
1059 846 1107 907 est
1129 842 1232 910 Dialis
1255 869 1336 912 uxor

162 952 194 1012 et
216 945 300 1011 Iovis
317 945 470 1024 sacerdos,
494 944 544 1008 cui
560 944 659 1009 telum
675 943 837 1010 fulminis³
860 946 969 1010 eodem
984 950 1053 1010 erat
1068 945 1181 1014 colore.
1222 951 1259 1014 P.
1277 957 1331 1016 92.

163 1052 329 1117 Foedus
352 1049 547 1135 appellatum
570 1050 609 1114 ab
633 1071 670 1114 eo
693 1050 778 1134 quod
801 1051 835 1113 in
857 1050 1043 1134 paciscendo
1064 1050 1206 1118 foedere*
1230 1055 1337 1121 hostia

165 1161 343 1237 necaretur,
364 1193 408 1203 —
431 1154 482 1219 vel
504 1155 579 1239 quia
602 1155 636 1218 in
658 1154 782 1221 foedere
804 1156 1028 1240 interponatur
1050 1156 1137 1222 fides.
1177 1158 1216 1222 P.
1240 1164 1292 1224 84.

161 1262 358 1342 Forctes,
381 1262 470 1346 frugi
492 1265 524 1325 et
546 1261 658 1339 bonus,
681 1259 748 1324 1111
770 1259 903 1324 validus.
940 1260 977 1324 P.
1002 1265 1053 1327 81.
1088 1260 1153 1345 (Os.
1179 1260 1334 1350 Sanates.)

163 1367 311 1432 Forum
343 1388 398 1432 sex
419 1366 520 1431 modis
542 1364 759 1449 intellegitur:
790 1364 893 1449 primo
915 1364 1143 1449 negotiationis
1167 1367 1252 1433 locus
1275 1393 1335 1449 -3

167 1473 240 1552 alio,
263 1473 297 1535 in
321 1493 384 1555 quo
407 1471 523 1535 iudicia
545 1469 625 1550 fieri,
648 1491 720 1534 cnm
742 1468 861 1554 populo
883 1470 947 1554 agi,
970 1470 1133 1537 contiones
1151 1472 1262 1539 haberi
1284 1497 1335 1540 so-

165 1578 251 1655 lent3
274 1577 379 1656 tertio,
402 1597 473 1640 cum
496 1574 550 1656 is⁶,
574 1575 630 1659 qui
652 1575 833 1660 provinciae
855 1579 991 1660 praeest,
1013 1575 1120 1641 forum
1142 1599 1237 1663 agere
1259 1580 1336 1644 dici·

164 1687 236 1763 tur,
268 1705 340 1747 cum
363 1682 508 1747 civitates
541 1684 634 1746 vocat
663 1686 695 1746 et
719 1681 757 1745 de
779 1681 1001 1746 controversiis
1024 1703 1134 1747 eorum
1156 1685 1332 1769 cognoscit,

167 1793 291 1874 quartu,
315 1810 386 1853 cum
409 1787 441 1850 id
464 1787 569 1851 forum
592 1787 717 1871 antiqui
740 1786 955 1870 appellabant,
980 1788 1064 1872 quod
1086 1810 1170 1854 nunc
1192 1790 1334 1855 vestibu-

163 1894 232 1958 lum
254 1894 390 1976 sepulcri
413 1891 510 1956 dicari
533 1890 614 1955 solet
636 1896 686 1956 cet.
719 1891 756 1956 P.
781 1896 833 1956 84.

163 1997 458 2084 Fulguritnm,
489 1996 523 2060 id
545 1995 630 2080 quod
658 1999 706 2060 est
728 1995 862 2060 fulmine
888 1997 1004 2077 ictum,
1035 1998 1091 2080 qui
1112 1998 1200 2065 locus
1223 2001 1333 2066 statim

163 2106 233 2172 fieri
254 2103 429 2191 putabatur
452 2103 629 2189 religiosus,
653 2102 829 2186 quodcum
853 2102 928 2168 deus
951 2103 1013 2168 sibi
1028 2103 1148 2170 dicasse
1162 2105 1332 2171 videretur.

160 2212 199 2278 P.
225 2217 278 2278 92.

159 2317 333 2382 Fundus
357 2313 537 2379 -dicitur
560 2312 696 2397 populus
726 2333 792 2377 esse
815 2311 870 2391 rei,
904 2312 1016 2396 quarn⁶
1039 2312 1175 2393 alienat,
1204 2312 1265 2378 hoc
1288 2319 1336 2380 est

163 2427 282 2488 auctor.
329 2422 368 2486 P.
392 2425 445 2485 89.

162 2528 243 2595 Gen
256 2551 270 2593 s
288 2527 406 2592 Aelia
421 2524 610 2610 appellatur,
623 2547 703 2609 quae
715 2547 754 2590 ex
765 2523 875 2589 multis
887 2524 1018 2590 familiis
1030 2525 1205 2591 conficitur.
1230 2528 1269 2592 Ρ.
1281 2534 1332 2594 91.

163 2632 355 2700 Gentilis
386 2631 502 2696 dicitur
525 2634 557 2696 et
581 2653 619 2695 ex
642 2631 751 2696 eodem
773 2651 889 2716 genere
911 2635 1011 2708 ortus,
1043 2637 1075 2697 et
1097 2632 1135 2712 is,
1159 2632 1215 2717 qui
1237 2632 1335 2697 simili

161 2738 290 2804 nomine
312 2737 500 2821 appellatur,
523 2738 560 2798 ut
583 2735 629 2798 ait
644 2733 788 2800 0111111111
813 2733 965 2801 ‘Gentiles
988 2736 1069 2800 mihi
1084 2741 1169 2818 sunt,
1193 2738 1248 2822 qui
1263 2761 1333 2804 meo

160 2845 288 2909 nomine
311 2841 532 2927 appellantur'.
580 2841 619 2906 Ρ.
645 2845 694 2905 94.

162 2948 297 3015 Grave
319 2970 384 3012 111
407 2948 527 3012 dictum
550 2969 569 3010 a
591 2946 741 3031 pondere,
774 2947 849 3031 quia
870 2946 944 3012 deni
966 2969 1060 3027 11111,
1084 2947 1202 3034 singuli
1225 2950 1329 3033 pondo

162 3054 274 3135 libras,
297 3053 478 3118 efficiebant
499 3051 674 3131 denarium,
707 3053 747 3116 ab
769 3053 829 3118 hoc
851 3053 919 3137 ipso
942 3074 1073 3117 numero
1097 3052 1225 3118 dictum.
1270 3052 1330 3119 Sed

161 3160 244 3224 bello
266 3159 387 3224 Punico
409 3157 545 3242 populus
568 3156 741 3238 Romanus,
765 3180 890 3242 pressus
913 3180 985 3222 aere
1002 3157 1115 3239 alieno,
1138 3180 1176 3222 ex
1191 3158 1327 3245 singulis

163 3265 285 3330 assibus
314 3264 454 3329 librariis
486 3283 576 3328 senos
609 3261 700 3344 fecit,
732 3263 788 3347 qui
818 3265 1006 3328 tantundem
1037 3268 1074 3328 ut
1105 3263 1154 3328 illi
1177 3265 1327 3330 valerent.

162 3372 201 3435 P.
226 3375 277 3436 98.
316 3369 383 3453 (Of.
408 3367 614 3453 Sextantari.)

160 3475 321 3540 Hastae
336 3472 550 3540 1111111111111111
566 3496 612 3553 11,
629 3496 709 3557 quae
723 3474 848 3558 publice
863 3474 1097 3554 venundabant,
1114 3474 1189 3558 quia
1201 3475 1330 3560 signum

160 3580 364 3664 praecipuum
388 3578 507 3662 [belli⁸]
535 3582 583 3645 est
604 3579 705 3644 hasta.
753 3580 792 3644 P.
817 3584 890 3644 191.

159 3685 389 3750 Heredium
411 3683 575 3795 praedium
597 3684 774 3768 parvulum.
820 3685 859 3749 P.
884 3683 952 3749 99⁰.

159 3788 293 3854 Heres
315 3789 399 3874 apud
422 3789 569 3873 antiquos
592 3812 650 3872 pro
673 3791 800 3854 domino
823 3788 1010 3873 ponebatur.
1058 3789 1096 3855 P.
1121 3794 1173 3854 99.

159 3893 369 3959 Horetum
393 3898 425 3958 et
446 3894 634 3959 forctum
656 3916 715 3978 pro
737 3895 821 3959 bono
844 3894 998 3959 dicebant.
1044 3895 1084 3959 P.
1108 3894 1219 3961 192.10

249 4084 274 4149 1)
292 4083 412 4140 hominis
431 4083 506 4138 MT.
534 4114 567 4124 -
594 4085 622 4151 2)
640 4100 689 4138 om.
712 4083 741 4138 Τ.
768 4113 797 4122 -
817 4083 845 4152 3)
863 4081 984 4137 flaminis
1002 4083 1036 4139 G.
1055 4113 1088 4124 -
1106 4084 1134 4154 4)
1154 4084 1233 4140 foede
1251 4083 1328 4152 GM,

159 4171 213 4226 fide
234 4171 263 4226 Ρ.
291 4201 325 4212 -
350 4171 377 4241 5)
396 4171 439 4226 his
457 4173 527 4226 1111112
555 4202 586 4210 -
612 4173 639 4239 6)
658 4187 741 4240 quem
760 4171 830 4223 laba.
852 4202 879 4209 -
901 4170 928 4240 7)
945 4173 984 4225 cic
1002 4171 1071 4225 labri.
1093 4201 1124 4210 —
1145 4171 1171 4242 8)
1190 4171 1260 4226 belli
1277 4174 1328 4228 1111.

157 4263 231 4316 Mae.
251 4292 283 4302 -
302 4262 329 4332 9)
347 4262 421 4315 Ptin.
440 4263 505 4317 1111.
523 4264 639 4330 19,4,50:
657 4261 687 4314 in
700 4260 751 4314 XII
760 4259 867 4313 tabulis
878 4289 912 4299 —
925 4277 1061 4328 nusquam
1072 4260 1236 4315 nominatur
1248 4259 1328 4325 villa,

158 4366 266 4419 semper
291 4351 322 4403 in
341 4350 546 4420 significatione
564 4366 596 4404 ea
615 4350 726 4414 hortus,
754 4348 784 4401 in
801 4346 876 4402 horti
895 4364 960 4403 vero
978 4345 1130 4400 heredium.
1168 4345 1210 4414 Of.
1231 4346 1326 4414 Varro,

156 4454 178 4493 1.
198 4453 220 4490 r.
240 4439 306 4506 1,10.
326 4467 359 4477 -
379 4437 699 4507 incantatae.

1061 4522 1120 4579 22*
