3190 5148
296 357 361 423 384
635 355 733 420 Varro,
753 355 1035 424 (tetragramum,
1055 356 1074 411 l.
1094 355 1141 410 VI.

297 542 382 602 tores
405 535 590 619 tribunique
621 534 726 619 plebei
750 535 867 620 quique
896 535 931 597 in
954 533 1121 598 consilium
1144 535 1249 599 vocati
1281 540 1477 601 0111110110-

296 647 388 721 runt,
421 662 564 705 censores
586 641 670 704 inter
693 663 726 704 se
749 640 925 704 sortiuntor
942 638 962 719 ¹,
992 643 1064 703 uter
1095 639 1232 704 lustrum
1256 640 1363 706 faciat.
1410 641 1477 707 Ubi

295 747 451 832 templum
474 746 596 810 iactum
620 750 677 825 est,
709 749 784 829 post
806 749 876 808 turn
899 744 1139 809 conventionem
1168 745 1302 810 habeto²
1327 747 1384 830 qui
1410 747 1477 812 lus·

295 858 382 918 trum
405 853 590 916 conditurus
613 855 671 916 est.

383 959 434 1022 88.
462 956 501 1021 ln
517 955 753 1022 commentariis
776 954 995 1019 consularibus
1019 955 1174 1038 scriptum
1190 955 1236 1020 sic
1250 956 1377 1022 inveni:
1403 954 1476 1032 ‘Qui

295 1063 468 1129 exercitum
491 1063 705 1144 imperaturus
729 1059 799 1139 erit,
823 1081 953 1124 accenso
977 1059 1090 1124 dicito:
1119 1059 1164 1125 ‘Q
1188 1060 1370 1145 calpurnii
1395 1083 1474 1126 voca

294 1171 328 1234 in
352 1170 459 1233 licium
491 1190 599 1233 omnes
630 1166 770 1243 Quirites
801 1165 864 1230 huc
893 1164 933 1229 ad
963 1163 1031 1231 me’.
1078 1166 1237 1230 Ascensus
1268 1166 1383 1231 dicito⁴
1411 1167 1473 1232 sic:

302 1274 428 1340 ‘Omnes
451 1273 601 1353 Quirites,
623 1273 658 1336 in
680 1271 789 1336 licium
812 1271 906 1336 visite
927 1271 991 1335 huc
1014 1271 1054 1335 ad
1068 1271 1206 1336 iudices'.
1241 1271 1286 1337 ‘Q
1299 1271 1474 1356 Calpurni,

298 1380 409 1445 consul
440 1378 562 1458 dicito⁴,
595 1383 683 1442 ‘voca
715 1378 754 1441 ad
776 1377 1018 1442 conventionem
1047 1398 1155 1440 omnes
1178 1376 1317 1453 Quirites
1348 1378 1411 1442 huc
1435 1379 1475 1442 ad

296 1486 365 1550 me'.
401 1481 688 1549 1100011011011101104
711 1483 774 1547 sic:
798 1481 924 1547 ‘Omnes
937 1481 1086 1562 Quirites,
1109 1482 1154 1548 ite
1176 1483 1216 1547 ad
1231 1484 1473 1548 conventionem

296 1592 359 1656 huc
383 1591 422 1655 ad
443 1589 581 1654 iudices'.
626 1589 709 1654 Dein
731 1588 1039 1672 0011011111100111101ὗ
1063 1586 1103 1652 ad
1122 1587 1311 1652 exercitum:
1336 1588 1472 1674 ‘lmpero

301 1718 364 1780 qua
386 1696 534 1760 convenit
556 1697 596 1760 ad
618 1695 747 1759 comitia
768 1695 964 1760 centuriata’.

386 1802 437 1867 89.
471 1801 575 1878 Quare
597 1801 665 1866 1110ὓ
689 1822 877 1881 accenso,
899 1799 966 1865 illic
988 1801 1198 1885 praeconi
1221 1801 1308 1881 dicit,
1330 1801 1409 1866 haec
1424 1804 1474 1866 est

296 1929 406 1971 cansa:
440 1907 474 1971 in
497 1906 621 1990 aliquot
643 1906 736 1971 rebus
758 1902 853 1971 item⁷
877 1910 913 1970 ut
935 1929 1059 1990 praeco,
1090 1928 1238 1972 accensus
1261 1905 1429 1986 aociebat⁸,
1453 1929 1473 1970 a

297 2035 360 2096 quo
384 2034 532 2078 accensus
556 2034 682 2098 quoque
705 2013 817 2076 dictus.
865 2011 1042 2076 Ascensum
1064 2012 1195 2077 solitum
1217 2011 1308 2091 ciere,
1338 2011 1473 2076 Boeotia

297 2119 445 2198 ostendit,
470 2141 566 2203 quam
582 2118 776 2183 comoediam
792 2116 932 2201 Aquilii⁹
957 2140 1023 2183 esse
1038 2118 1158 2196 dicunt,
1181 2118 1242 2183 hoc
1258 2138 1369 2182 versu:
1394 2115 1472 2182 ‘Ubi

294 2224 434 2307 primum
466 2246 614 2289 accensus
638 2225 791 2290 clamarat
814 2223 996 2288 meridiem'.
1042 2223 1113 2290 Hoc
1135 2223 1219 2289 idem
1242 2222 1414 2288 Cosconius
1437 2223 1472 2286 in

294 2329 472 2394 actionibus
495 2329 606 2394 scribit
621 2334 799 2414 praetorem
815 2351 980 2394 accensum
995 2330 1125 2395 solitum
1141 2329 1245 2395 tum¹⁰
1267 2352 1334 2394 esse
1348 2329 1469 2408 iubere,

295 2435 351 2499 ubi
374 2435 403 2499 ei
426 2435 594 2500 videbatur
615 2436 728 2501 horam
751 2458 817 2501 esse
840 2435 979 2515 tertiam,
1010 2435 1182 2500 inclamare
1204 2435 1317 2499 horam
1340 2433 1470 2498 tertiam

296 2562 371 2620 esse,
394 2541 535 2624 itemque
557 2539 754 2605 meridiem¹1
777 2544 809 2604 et
831 2539 944 2604 horam
966 2560 1091 2605 nonam.

382 2648 435 2710 90.
473 2644 599 2710 Circum
630 2643 771 2710 muros¹2
802 2645 890 2709 mitti
919 2644 1031 2709 solitus
1054 2644 1211 2727 quomodo
1237 2643 1382 2708 inliceret
1408 2665 1469 2726 po-

293 2752 404 2835 pulum
438 2751 473 2814 in
506 2773 578 2815 eum
612 2750 796 2834 [locum]¹⁸,
831 2751 913 2815 unde
943 2773 1056 2816 vocare
1085 2755 1191 2834 posset
1218 2751 1258 2815 ad
1289 2750 1469 2814 contionem

294 2879 360 2921 non
383 2856 485 2920 solum
508 2856 547 2920 ad
571 2857 713 2921 consules
736 2860 769 2922 et
791 2878 951 2936 censores,
974 2857 1146 2922 sedetiam
1169 2859 1351 2940 quaestores
1375 2858 1469 2919 ‘com-

293 2962 484 3032 mentarium
514 2961 634 3026 indicat
663 2966 753 3027 vetus
779 2961 1037 3047 anquisitionis¹⁴
1070 2961 1160 3026 M.‘¹⁶
1193 2961 1297 3048 Sergii
1329 2960 1420 3025 Mani
1445 2959 1468 3024 f.

293 3068 468 3153 quaestoris
503 3071 559 3153 qui
596 3067 708 3151 capitis
742 3068 901 3132 accusavit
933 3066 969 3132 T.
994 3066 1204 3151 [Quinctium]
1236 3066 1403 3146 Rocum¹⁶,
1434 3066 1468 3130 in

293 3169 391 3256 quo¹⁷
422 3175 467 3237 sic
499 3177 565 3237 est:
603 3174 655 3240 91.
687 3174 849 3258 ‘Auspicio
876 3196 1005 3259 operam
1035 3175 1088 3238 des
1111 3172 1176 3239 et¹⁸
1206 3173 1241 3237 in
1263 3173 1383 3258 templo
1411 3194 1469 3235 an·

293 3276 437 3361 spices¹⁹.
482 3277 568 3342 Dum
597 3283 653 3344 aut
683 3278 723 3343 ad
745 3283 923 3363 praetorem
953 3283 1009 3343 aut
1032 3280 1071 3344 ad
1093 3279 1253 3344 consulem
1276 3279 1388 3342 mittas
1411 3301 1467 3342 au-

295 3381 428 3466 spicium
450 3382 597 3466 petitum,
629 3384 827 3449 comitiatum
849 3406 962 3469 praeco
982 3383 1169 3469 populnm²⁰
1193 3388 1283 3450 vocet
1305 3384 1345 3448 ad
1370 3387 1413 3463 te,
1435 3387 1469 3448 et

292 3509 364 3552 eum
387 3488 425 3552 de
447 3488 547 3553 muris
571 3495 661 3554 vocet
687 3513 816 3575 praeco;
840 3491 873 3554 id
887 3491 1043 3574 imperare
1058 3494 1194 3574 oportet.
1230 3487 1465 3555 Cornicinem²¹

294 3592 334 3655 ad
356 3593 475 3676 privati
504 3595 632 3659 ianuam
660 3599 692 3660 et
720 3596 754 3658 in
784 3617 887 3660 arcem
914 3597 1042 3675 mittas,
1075 3595 1131 3660 ubi
1153 3600 1257 3660 canat.
1302 3594 1467 3680 collegam

383 3839 409 3908 1)
428 3838 584 3894 sortiuntur
602 3837 636 3895 F.
662 3869 696 3878 -
721 3839 748 3907 2)
768 3837 856 3892 habet
873 3836 907 3891 F.
928 3868 963 3877 —
982 3839 1008 3904 3)
1026 3837 1095 3893 dicit
1114 3837 1166 3893 hoc
1184 3835 1312 3906 calpurni
1330 3835 1365 3890 F·
1385 3867 1418 3876 —
1438 3835 1466 3906 4)

293 3925 362 3980 dicit
380 3924 415 3982 F.
443 3957 477 3965 —
503 3925 529 3996 5)
547 3926 686 3994 eloquitor
705 3925 739 3980 F
764 3957 798 3965 —
817 3925 845 3996 6)
865 3926 930 3980 hinc
948 3924 982 3979 F.
1003 3957 1034 3966 —
1054 3927 1081 3997 7)
1100 3926 1174 3980 idern
1193 3925 1227 3980 F
1249 3957 1277 3965 -
1301 3925 1329 3996 8)
1348 3925 1466 3996 accipie·

292 4014 342 4068 bat
361 4014 396 4068 F.
416 4045 448 4054 -
469 4016 495 4084 9)
514 4015 553 4068 sie
567 4013 713 4082 Turnebus,
733 4013 782 4068 alii
796 4013 830 4067 F.
849 4045 882 4054 -
903 4016 946 4080 10)
965 4015 1026 4068 tum
1039 4014 1088 4068 aaz.
1107 4043 1143 4053 -—
1163 4015 1205 4084 11)
1226 4012 1268 4083 Of.
1280 4029 1364 4082 stupra
1372 4031 1402 4082 p.
1412 4017 1466 4068 380

291 4101 447 4169 0105.-
468 4103 513 4169 12)
532 4102 635 4157 circum
655 4119 739 4156 auras
757 4101 792 4156 F.
810 4132 843 4140 -
865 4103 907 4168 13)
925 4102 1018 4158 locum
1036 4118 1086 4156 om.
1106 4101 1140 4155 F.
1159 4131 1193 4140 —
1214 4101 1257 4171 14)
1274 4101 1465 4170 inquisitionis

291 4189 327 4245 F.
347 4219 380 4228 -
402 4191 444 4260 15)
464 4209 500 4244 m.
520 4191 555 4246 F.
582 4221 615 4230 —
648 4190 689 4260 16)
709 4189 851 4244 accusauit
869 4193 982 4259 trogum
1001 4189 1035 4244 F
1061 4220 1093 4230 -
1115 4191 1156 4252 17)
1174 4191 1205 4244 111
1223 4207 1297 4259 aqna
1315 4189 1350 4243 F.
1370 4223 1404 4231 -
1424 4191 1465 4256 18)

291 4293 405 4346 operam
425 4277 473 4332 des
487 4279 516 4333 et
532 4278 623 4348 Berplr
636 4280 769 4348 probante
781 4278 945 4332 Mommseno
963 4277 1128 4334 Stcctsreett
1143 4282 1203 4348 r,90
1220 4297 1246 4335 a.
1256 4283 1290 4347 2,·
1310 4279 1465 4335 orandesed

290 4364 325 4418 F.
345 4395 377 4403 -
399 4366 443 4433 19)
461 4366 500 4418 sic
518 4364 665 4420 Moramma
684 4367 700 4421 1.
712 4383 748 4434 0,·
767 4365 897 4435 auspiciis
916 4365 950 4418 F.
970 4396 1002 4405 —
1023 4367 1068 4437 20)
1086 4367 1125 4420 sic
1144 4367 1465 4437 Μο10011001.0.,00111-

290 4453 417 4508 mentum
435 4456 578 4526 praetores
596 4453 632 4508 F.
653 4484 688 4495 -
706 4455 750 4524 21)
769 4453 906 4510 cornicem
929 4453 965 4510 F.
