3256 5154
620 351 720 406 Edicta
737 352 907 422 praetorum.
1289 352 1350 418 191

177 535 266 597 catus
289 531 368 596 erit:
393 531 448 615 qui
470 529 560 610 furti,
583 529 616 594 vi
630 530 788 594 bonorum
803 533 979 614 raptorum,
1002 529 1202 610 iniuriarum,
1225 529 1264 594 de
1279 528 1351 593 dolo

122 661 126 670 ’
176 637 262 701 malo
294 639 327 701 et
358 634 469 700 fraude
498 657 556 700 suo
587 635 716 700 nomine
738 635 906 699 damnatus
929 637 1080 719 pectusve
1102 634 1181 698 erit:
1215 635 1270 719 qui
1292 655 1351 718 pro

176 741 271 820 socie,
286 741 454 824 fiduciue¹‚
477 741 606 820 tutelae,
630 739 783 820 mandati,
806 739 942 823 depositi
964 761 1022 804 suo
1044 739 1172 804 nominc
1195 761 1259 804 non
1275 760 1351 804 con-

176 847 276 911 trario
305 846 422 910 iudicio
446 845 613 910 damnatus
637 845 712 910 erit:
747 845 912 930 quicum,
944 866 1024 929 quae
1046 844 1080 908 in
1102 847 1260 928 potestate
1283 845 1350 908 eius

175 954 273 1032 esset,
305 972 423 1036 genero
446 955 588 1030 mortuo,
611 973 683 1015 cum
707 973 778 1015 eum
801 954 964 1014 mortuum
989 972 1056 1015 esse
1078 949 1295 1029 sciret‚intra
1317 950 1348 1013 id

174 1061 309 1141 tempus,
333 1079 396 1142 quo
413 1057 541 1142 elugere
563 1057 668 1122 virum
692 1056 787 1120 moris
810 1059 867 1135 est,
891 1058 1061 1141 antequam
1078 1055 1181 1119 virum
1198 1055 1348 1138 elugeret‚
1408 1129 1409 1132 Ἴ

174 1162 207 1225 in
242 1161 481 1226 matrimonium
515 1160 716 1226 collocaverit
743 1183 852 1224 eamve
882 1160 982 1225 sciens
1016 1159 1114 1245 [quis]
1137 1181 1267 1224 uxorem
1291 1158 1348 1222 (lu-

175 1266 259 1331 xerit
281 1288 345 1331 non
367 1267 456 1330 iussu
479 1267 556 1345 eius,
578 1267 613 1330 in
636 1266 724 1331 ouius
748 1269 906 1350 potestate
928 1270 993 1330 est:
1018 1269 1049 1329 et
1072 1265 1127 1348 qui
1149 1286 1231 1340 eum,
1255 1285 1349 1347 quem

174 1371 208 1434 in
230 1375 389 1455 potestate
416 1371 565 1451 haberet,
598 1393 683 1452 eam,
717 1371 755 1436 de
778 1394 841 1455 qua
872 1394 968 1456 supra
998 1369 1257 1454 comprehensum
1290 1375 1348 1448 est,

174 1498 305 1542 uxorem
327 1477 440 1542 ducere
462 1499 572 1562 passus
595 1477 711 1542 firerit:
736 1477 830 1562 quive
852 1499 909 1542 suo
931 1477 1060 1541 nomine
1082 1497 1147 1540 non
1165 1475 1252 1538 iussu
1269 1475 1346 1548 eius,

177 1577 316 1646 in'euius
338 1585 498 1666 potestate
514 1585 606 1663 esset,
629 1583 735 1648 eiusve
756 1583 884 1648 nomine
915 1604 1008 1667 quem
1036 1603 1171 1666 quamve
1199 1580 1233 1644 in
1256 1583 1347 1664 pote-

176 1689 259 1751 state
285 1687 419 1754 haberet
451 1689 527 1753 bina
555 1688 716 1773 sponsalia
749 1688 877 1754 binasve
908 1687 1037 1772 nuptias
1066 1686 1100 1749 in
1127 1685 1233 1751 eodem
1265 1689 1347 1750 tem-

174 1813 249 1874 pore
271 1793 461 1858 constitutas
483 1793 650 1859 habuerit:
675 1795 730 1879 qui
753 1817 791 1860 ex
808 1795 859 1860 his
881 1794 1028 1860 omnibus
1052 1793 1107 1878 qui
1123 1815 1220 1876 supra
1236 1791 1347 1874 scripti

173 1901 264 1978 sunt,
299 1899 333 1962 in
359 1899 523 1984 integrum
553 1900 720 1966 restitutus
743 1923 808 1966 non
831 1901 910 1966 erit:
942 1922 1000 1985 pro
1023 1898 1086 1966 alio
1108 1919 1148 1961 ne
1171 1897 1345 1980 postulent,

172 2007 394 2088 praeterquam
416 2027 475 2088 pro
497 2009 637 2089 parente,
666 2009 802 2090 patrono
825 2011 977 2091 patrona,
1011 2003 1120 2068 liberis
1143 2001 1347 2086 parentibus-

172 2129 234 2192 que
255 2110 383 2192 patroni
405 2111 568 2194 patronae,
592 2110 739 2176 liberisve
754 2111 830 2191 suis,
853 2111 954 2176 fratre
976 2130 1093 2187 sorore,
1116 2129 1223 2186 uxore,
1238 2127 1346 2171 socero

172 2235 279 2294 socru,
302 2235 420 2300 genero
442 2239 535 2297 nuru,
565 2215 679 2281 vitrico
701 2238 847 2296 noverea,
869 2215 1018 2301 privigno
1041 2211 1199 2297 privigna,
1222 2211 1345 2295 pupillo

169 2318 309 2402 pupilla,
341 2319 463 2386 furioso
493 2321 634 2401 furiosa,
667 2322 718 2386 cui
741 2343 850 2385 eorum
872 2343 892 2384 a
913 2321 1044 2404 parente
1075 2319 1132 2380 aut
1154 2316 1193 2381 de
1214 2316 1343 2380 maioris

172 2425 273 2507 partis
296 2425 493 2491 Dibuaorwm
515 2427 673 2492 sententia
687 2431 743 2491 aut
759 2428 800 2491 ab
815 2448 862 2507 ec,
885 2427 973 2490 cuius
995 2423 1034 2488 de
1057 2445 1093 2488 ea
1116 2444 1150 2487 ra
1167 2421 1344 2486 iurisdictio

171 2529 243 2610 fuit,
267 2552 303 2594 ea
325 2530 427 2595 tutela
449 2533 609 2597 curatiove
631 2532 706 2598 data
729 2529 815 2598 eritl.

257 2633 318 2700 De
340 2637 625 2702 vadtmoattst
674 2638 703 2702 1.
727 2636 789 2713 Qui
811 2635 965 2702 satisdare
988 2638 1145 2721 cogantur
1167 2630 1216 2696 vel
1238 2631 1344 2694 iurato
1367 2631 1445 2711 ,ἕξ-οῗ),

171 2739 363 2824 promittant
385 2742 435 2807 vel
456 2765 531 2807 suae
552 2742 756 2826 promissioni
779 2739 1047 2806 committantur‘.

257 2848 286 2910 2.
325 2845 359 2912 Si
381 2869 419 2912 ex
441 2849 550 2913 noxali
580 2870 675 2913 eausa
706 2852 838 2934 agatur,
869 2846 1134 2932 quemadmodum
1157 2840 1343 2908 caveatur⁶:

170 2998 280 3016 .....
307 2952 342 3015 in
365 2952 472 3017 eadem
495 2975 685 3018 causacum
708 2953 874 3032 exhibere,
905 2953 939 3017 in
962 2974 1026 3037 qua
1047 2956 1124 3016 tune
1147 2953 1212 3028 est,
1246 2948 1343 3012 donec

169 3055 320 3120 iudicium
344 3057 544 3141 accipiatur⁶.

255 3161 285 3224 3.
323 3160 371 3224 De
394 3183 430 3226 co
452 3185 510 3246 per
531 3186 626 3248 quem
648 3163 769 3228 factum
791 3163 863 3242 erit,
891 3183 955 3246 quo
977 3161 1082 3224 minus
1106 3158 1177 3243 quis
1200 3157 1340 3222 uadimo-

168 3265 257 3328 nium
278 3265 398 3330 sistat⁷.

255 3369 310 3435 De
341 3372 642 3456 cognitoribus
673 3378 714 3438 et
744 3371 1102 3458 procuratoribus
1133 3373 1172 3436 et
1199 3367 1339 3433 defen·
1363 3367 1462 3447 {⁸⁸73}

167 3475 363 3541 soribus⁸.
411 3477 439 3542 1.
476 3479 538 3559 Qut
568 3500 606 3543 ae
636 3479 708 3543 deut
737 3480 939 3562 sepuitorem:
969 3525 1080 3544 .....
1111 3481 1143 3541 et
1173 3475 1229 3559 qui
1258 3496 1339 3553 earn,

167 3602 264 3664 quam
289 3581 324 3646 in
346 3586 504 3666 potestate
526 3583 640 3661 habet,
671 3606 788 3668 genero
811 3589 954 3664 mortue,
985 3603 1152 3647 cumeum
1175 3583 1337 3644 mortuum

167 3707 233 3750 esse
261 3687 370 3766 sciret,
402 3688 436 3752 in
458 3689 698 3753 matrimonium
721 3689 922 3754 collocaverit
954 3711 1062 3754 eamve
1084 3687 1185 3752 sciens
1208 3706 1340 3748 uxorem

166 3790 306 3872 duxerit,
336 3796 368 3856 et
391 3793 446 3876 qui
469 3815 551 3872 eum,
584 3816 678 3878 quem
700 3794 734 3857 in
757 3797 916 3879 potestate
937 3793 1080 3872 haberet,
1110 3813 1219 3856 earum
1242 3812 1338 3874 quam

168 3918 297 3961 uxorem
319 3898 432 3962 ducere
455 3921 566 3982 passus
589 3899 703 3963 fuerit:
734 3921 849 3984 quaeue
870 3901 975 3965 virum
997 3901 1161 3984 parentem
1184 3897 1339 3961 liberosve

236 4091 261 4155 1)
280 4087 341 4141 Gai.
358 4092 443 4156 4,182.
464 4119 496 4128 -
515 4089 542 4160 2)
561 4088 598 4142 D.
612 4091 681 4156 3,2,1
698 4090 742 4144 iot.
755 4091 904 4157 3,1,1,9.11,·
921 4092 990 4158 3pr.
1018 4088 1062 4142 De
1078 4088 1159 4142 tutus
1171 4085 1336 4140 1111111111-

165 4175 266 4228 tutione
294 4176 327 4244 cf.
348 4176 433 4231 ZRG.
451 4181 491 4245 15,
506 4195 535 4246 p.
554 4180 588 4231 56
605 4195 643 4246 sp.
661 4179 705 4234 ut.
734 4177 796 4232 Gai.
814 4181 899 4246 4‚182.
918 4209 952 4218 --
971 4180 998 4246 3)
1020 4177 1164 4231 Drousias
1181 4175 1272 4228 11111111
1289 4175 1338 4228 aab

164 4261 214 4315 loc
237 4263 316 4316 titulo
329 4265 477 4332 propositis
503 4281 527 4318 o.
545 4264 580 4322 D.
601 4264 631 4321 P.
646 4281 676 4334 p.
695 4266 736 4320 65.
763 4295 797 4304 -
824 4266 852 4334 4)
872 4263 958 4318 Ruta.
975 4263 1012 4318 D.
1031 4267 1091 4332 2,8‚·
1119 4261 1336 4330 1161111185.

165 4377 198 4387 ·-
218 4352 244 4412 5)
263 4348 349 4403 Rutu.
367 4349 406 4405 D.
423 4353 474 4414 2,.1.
498 4382 532 4392 -
557 4352 585 4422 6)
603 4352 641 4406 D.
660 4355 841 4422 111111.-
860 4354 886 4420 7)
905 4351 990 4408 Ratr.
1008 4351 1046 4406 D.
1065 4355 1142 4420 2,10:
1170 4349 1335 4418 quominus

164 4434 227 4504 quis
244 4434 273 4488 in
291 4435 394 4492 iudicio
411 4437 503 4493 sistat.
521 4468 555 4478 -
573 4439 602 4510 8)
621 4439 706 4495 Dubr.
725 4439 764 4497 D.
783 4441 860 4511 (3.3).
