3184 5156
612 368 699 441 Leges
718 369 824 441 regiae.
1294 378 1316 443 9

228 549 258 615 5.
286 547 418 616 Cassius
432 547 572 614 Hemina
597 548 685 630 apud
696 547 840 613 Ρίίιιιῗιιικ
856 548 1185 637 (κοῖ.ίιίιῖ.32,2,20)ε
1207 551 1316 619 Numa

139 655 320 736 constituit,
349 659 386 720 ut
408 654 520 738 pisces,
551 653 606 739 qui
628 655 788 740 squamosi
809 677 874 720 non
897 662 1011 737 essent,
1033 659 1067 722 ni
1090 658 1316 742 pollucerent.1

230 762 260 828 6.
285 760 416 826 Plinius
439 760 795 845 (sat.atst.14,12,ss):
819 784 857 826 ex
871 761 1030 847 imputata
1052 763 1117 829 vite
1132 764 1226 829 libari
1241 765 1316 829 vina

138 867 200 932 diis
223 866 316 932 nefas
338 867 453 931 statuit
478 864 641 952 (Numa).¹

229 973 260 1037 7.
296 971 406 1055 [sydus
429 971 479 1056 (de
492 993 586 1037 meus.
604 973 734 1057 1,31);8
770 974 825 1036 καί
847 980 939 1036 τοῦτο
967 973 1002 1037 δὲ
1024 976 1102 1058 πρὸς
1125 982 1180 1038 τοῦ
1202 973 1315 1059 Νουμᾶ

140 1075 352 1158 διατέθειται,
384 1077 465 1140 ὥστε
485 1079 558 1152 τοὺς
582 1077 671 1161 ἱερεῖς
693 1077 829 1163 χαλκαῖς
852 1078 994 1163 ψαλίσιν,
1024 1079 1094 1144 ἀλλ’
1117 1083 1153 1146 οὐ
1176 1081 1316 1168 σιδηραῖς

139 1181 380 1266 ἀποκείρεσθαι.

228 1287 259 1352 8.
296 1285 392 1354 Dion.
417 1288 651 1374 (2,63--74);4
684 1287 867 1378 Περιλαβὼν
890 1329 933 1339 -
956 1295 1081 1358 ἅπασαν
1103 1298 1160 1380 τὴν
1182 1297 1254 1379 περί
1275 1298 1315 1360 τά

140 1392 218 1456 θεῖα
241 1393 430 1477 νομοθεσίαν
453 1403 588 1479 γραφαῖς
611 1395 721 1461 διεῖλεν
745 1397 788 1473 εἰς
810 1397 895 1462 ὀκτὼ
919 1398 1037 1484 μοίρας,
1061 1401 1132 1464 όσαι
1146 1409 1208 1465 τῶν
1225 1399 1315 1485 ἱερῶν

138 1499 220 1582 ἡσαν
246 1497 279 1561 αἱ
301 1499 477 1584 συμμορίαι.
503 1498 694 1586 (κουρίωνες,
717 1500 876 1586 φλάμινες,
899 1503 1051 1589 ἡγεμόνες
1072 1511 1133 1567 τῶν
1153 1503 1314 1589 κελερίων,

139 1603 288 1688 αὐγόρες,
313 1604 461 1688 ἑστιάδες,
486 1606 597 1690 σάλιοι,
621 1608 787 1694 φητιάλεις,
810 1609 1011 1698 ποντίφικες.)

228 1712 259 1776 9.
298 1709 489 1778 Plutarchus
511 1713 647 1796 (Numa,
673 1715 771 1802 10):⁵
805 1715 905 1802 Τιμάς
929 1717 964 1781 δὲ
987 1716 1127 1802 μεγάλας
1150 1715 1314 1781 ἀπέδωκεν

140 1815 251 1890 αὐταῖς
275 1815 495 1904 (Vestul'bas),
519 1819 561 1882 ὢν
585 1821 649 1884 ἔστι
672 1823 784 1886 καὶτὸ
808 1822 978 1888 διαθέσθαι
994 1823 1109 1902 ζῶντος
1125 1821 1237 1900 ἐξεῖναι
1252 1845 1313 1887 πα-

138 1922 212 2089 τρμς
245 1922 301 1984 καί
330 1922 432 1986 τάλλα
459 1924 605 2008 πράττειν
637 1929 709 1992 ἀνευ
737 1928 914 2012 προστάτου
938 1929 1107 2014 διαγούσας
1140 1929 1246 2014 ὥσπερ
1276 1929 1310 1993 αί

140 2046 176 2109 τρ
189 2027 310 2104 παιδες.

620 2206 842 2276 tJFumtlls.

228 2344 279 2411 10.
305 2343 405 2410 Diua.
432 2345 582 2432 (2,.27);ί
605 2346 726 2414 ἐκτῶν
749 2347 842 2434 Νομᾶ
863 2387 907 2396 -
928 2350 1041 2434 νόμων,
1065 2351 1097 2414 ἐν
1120 2352 1164 2426 οίς
1187 2352 1242 2414 καί
1260 2353 1313 2414 οὖ-

138 2472 191 2526 τος
223 2450 418 2536 γέγραπται·
453 2451 506 2516 ἐὰν
539 2455 643 2537 πατὴρ
673 2453 729 2538 υίῷ
751 2453 943 2540 συγχωρήσῃ
966 2464 1102 2540 γυναῖκα
1124 2453 1313 2539 ἀγαγέσθαι,

138 2626 184 2681 vel
203 2626 313 2682 maiora
341 2625 386 2681 vel
413 2625 558 2680 lactentia.
596 2625 638 2696 Of.
666 2627 741 2683 Pan
769 2627 856 2682 Marc.
878 2631 909 2683 8:
929 2633 1012 2696 φασίν,
1031 2631 1131 2694 ἐντοῖς
1149 2631 1313 2697 ὑπομνήμασι

136 2715 227 2783 Νομᾶν
254 2717 401 2783 Πομπίλιον
434 2719 482 2767 καί
514 2717 622 2781 πρώτων
651 2719 759 2783 ὀπιμίων
790 2721 838 2770 καί
866 2720 993 2784 δευτέρων
1021 2721 1068 2770 καί
1094 2721 1196 2784 τρίτων)
1215 2734 1311 2784 μνημο-

138 2806 229 2868 νεόειν,
247 2807 281 2857 τά
300 2806 347 2871 μὲν
365 2809 456 2870 πρῶτα
474 2806 612 2872 ληφθέντα
629 2811 666 2872 τῷ
679 2807 810 2874 Φερετρίῳ
830 2807 867 2859 Διί
885 2809 1028 2862 κελεὺοντα
1042 2807 1190 2872 καθιεροῦν,
1209 2807 1243 2858 τά
1256 2807 1314 2857 δεό-

139 2910 205 2958 τερα
231 2895 262 2945 δὲ
285 2899 321 2959 τῷ
345 2892 432 2959 Ἄρεϊ,
459 2894 492 2944 τὰ
515 2895 544 2946 δὲ
567 2897 638 2959 τρίτα
662 2900 699 2960 τῷ
717 2895 833 2962 Κυρίνῳ·
863 2898 910 2948 καί
928 2898 1069 2964 λαμβάνειν
1087 2899 1175 2962 γέρας,
1201 2895 1313 2959 ἀσσάρια

137 2985 276 3048 τριακόσια
299 2983 344 3034 τόν
363 2987 474 3048 πρῶτον,
492 2983 536 3034 τόν
556 2985 585 3034 δέ
602 2984 719 3048 δεύτερον
739 2986 867 3052 διακόσια,
886 2987 929 3038 τόν
949 2987 978 3037 δέ
995 2988 1081 3051 τρίτον
1102 2986 1204 3036 ἑκατόν.
1236 2980 1310 3036 Seru.

139 3070 168 3122 in
192 3068 268 3137 λαμ.
287 3067 355 3122 Aen.
375 3071 468 3137 6,860:
495 3067 588 3137 prima
607 3101 637 3108 -
659 3068 719 3124 lovi
737 3070 875 3140 suspendi,
895 3103 928 3112 —
942 3072 1062 3127 secunda
1073 3070 1167 3136 Marti,
1181 3068 1313 3124 -tertia

138 3155 263 3222 Quirino.

210 3242 237 3311 1)
258 3241 300 3312 Of.
320 3243 391 3299 Fert.
411 3244 561 3302 Pollueere.
583 3279 611 3286 --
631 3247 658 3318 2)
679 3247 720 3317 Of.
740 3249 815 3303 Plut.
833 3249 926 3304 Ναικα
941 3254 986 3305 14ι
1006 3253 1041 3319 μὴ
1059 3255 1176 3305 σπένδειν
1193 3251 1267 3312 θεοῖς
1285 3250 1313 3311 ἐξ

139 3333 266 3400 ἀμπέλων
293 3335 412 3400 ἀτμήτων
438 3338 505 3402 μηδέ
529 3336 602 3388 θύειν
621 3338 683 3403 ἀτερ
703 3338 816 3403 ἀλφίτων
844 3337 914 3404 (sine
932 3337 1026 3406 farre).
1046 3369 1079 3378 -
1098 3339 1125 3406 3)
1145 3335 1188 3407 (Ιό
1205 3350 1312 3404 quoque

140 3439 156 3476 a
176 3421 273 3474 Numa
291 3419 458 3475 institutum
475 3424 525 3487 est,
544 3424 577 3476 ut
596 3424 752 3480 sacerdotes
772 3424 884 3480 ahaneis
896 3425 1043 3491 forficibus,
1062 3444 1118 3481 non
1136 3423 1232 3480 ferreis
1249 3424 1312 3476 ton·

141 3512 298 3578 derantur.)
316 3538 345 3548 —
363 3511 391 3580 l)
410 3509 537 3578 (Omnem
556 3512 685 3568 derebus
700 3513 802 3567 divinis
814 3513 1022 3583 legislationem
1034 3513 1144 3584 seriptis
1157 3512 1313 3582 complexus

136 3601 167 3655 in
197 3601 260 3656 octo
285 3597 512 3669 dirumpentes,
537 3603 606 3670 quat
624 3604 706 3657 erant
724 3601 900 3658 sacerdotum
919 3603 1056 3673 collegia.)
1095 3601 1137 3672 Of.
1156 3601 1310 3666 lriu.1,20:

24 3725 28 3734 .
139 3687 305 3744 Pontificem
326 3717 354 3726 -
376 3687 447 3757 legit
465 3687 596 3758 (Numa),
627 3689 706 3758 eique
731 3707 810 3744 sacra
838 3689 933 3745 omnia
951 3691 1091 3760 exscripta
1109 3689 1311 3757 exsignataque

141 3775 292 3840 adtribuit,
312 3775 413 3845 quibus
433 3775 541 3841 hostiis,
561 3776 660 3846 quibus
679 3777 783 3843 diebus,
804 3778 931 3848 adquae
950 3779 1059 3848 templa
1072 3795 1150 3833 saera
1161 3777 1259 3831 fierent
1269 3803 1311 3828 -.

139 3866 239 3921 Cetera
265 3880 374 3933 quoque
402 3864 497 3919 omnia
520 3864 634 3934 publica
651 3864 820 3935 privataque
837 3884 917 3922 saera
935 3866 1074 3937 pontificis
1093 3865 1167 3920 scitis
1186 3861 1310 3929 subiecit,

139 3986 172 3994 -
199 3970 235 4008 ne
267 3952 335 4023 quid
361 3953 450 4007 divini
475 3953 543 4006 iuris
564 3984 596 3993 -
617 3953 787 4008 turbaretur.
809 3984 838 3992 -
858 3955 886 4023 5)
907 3955 1035 4024 (Magnos
1054 3951 1215 4008 Vestalibus
1233 3949 1312 4004 dedit

140 4043 268 4105 honores,
287 4041 362 4096 inter
380 4059 448 4110 quos
467 4042 592 4097 testandi
610 4041 675 4097 vivo
692 4043 775 4110 patre
794 4041 844 4107 ius,
865 4043 893 4096 et
904 4041 1013 4110 reliqua
1023 4039 1081 4095 sina
1093 4040 1186 4094 tutore
1199 4036 1313 4106 agendi,

140 4133 173 4184 ut
187 4129 318 4184 viverent
329 4129 363 4183 ad
383 4130 538 4200 exemplum
558 4147 661 4194 aarum,
681 4147 753 4198 quae
769 4130 875 4185 habent
892 4131 936 4184 ius
954 4129 1040 4183 trium
1058 4125 1229 4194 liberorum.)
1266 4123 1310 4193 Of.

142 4219 213 4272 XII.
228 4221 278 4285 5‚1‚
305 4248 340 4258 -
358 4219 385 4288 6)
408 4219 433 4285 (e
451 4219 560 4289 legibus
578 4217 703 4283 Numae,
721 4217 752 4271 in
770 4217 870 4287 quibus
894 4219 980 4274 etiam
998 4216 1068 4272 haee
1085 4216 1128 4270 est
1146 4214 1262 4283 seripta:
1289 4209 1313 4265 si

140 4306 221 4375 pater
248 4305 307 4360 filio
333 4305 491 4376 permiserit
518 4323 631 4363 uxorem
655 4304 770 4372 ducere,
797 4323 868 4376 quae
891 4325 924 4362 ex
942 4305 1052 4376 legibus
1068 4303 1208 4376 particeps
1227 4301 1264 4356 sit
1282 4301 1312 4354 et

142 4411 283 4450 sacrorum
302 4396 331 4449 st
349 4395 493 4460 bonorum,
518 4395 595 4465 patri
613 4412 670 4451 non
689 4394 810 4466 amplius
828 4393 871 4449 ius
889 4412 947 4450 esse
964 4393 1053 4448 filium
1072 4392 1230 4462 vendendi.)
1268 4390 1310 4460 Of.

141 4481 214 4540 Plut.
235 4481 327 4538 Numa
343 4486 384 4539 17,
