3190 5148
281 320 345 386 392
790 315 930 372 Asconius.

282 493 601 580 sexagenarios
633 517 690 578 per
720 499 849 579 pontem
884 493 1055 558 mittendos
1077 495 1161 559 male
1183 495 1237 559 diu
1259 497 1461 581 popularitas

287 600 477 681 intellexit¹,
512 623 584 666 cum
606 600 710 667 Varro
739 600 776 665 de
799 600 866 665 vita
895 622 925 683 p.
948 597 988 663 R.
1011 598 1243 665 —honestam
1266 623 1394 665 causam
1417 640 1463 648 -

286 705 490 790 patefecerit:
523 727 595 769 cum
617 705 651 769 in
674 707 822 790 quintum
851 704 986 789 gradum
1009 710 1219 790 pervenerant
1241 710 1337 792 atque
1359 707 1462 772 habe·
1578 775 1579 780 ,

284 812 366 876 bant
394 812 562 897 sexaginta
595 834 713 891 annos,
745 815 815 876 tum
839 811 972 895 denique
1001 814 1092 875 erant
1122 810 1298 896 apublicis
1321 811 1463 896 negotiis
1578 869 1580 878 .

284 916 381 981 liberi
404 921 499 1001 atque
522 916 625 981 otiosi.
672 915 746 982 Ideo
774 917 808 980 in
830 917 999 1000 proverbio
1030 915 1159 1001 quidam
1186 919 1302 1001 putant
1325 917 1461 994 venisse,
1578 913 1580 938 ³

285 1026 322 1087 ut
344 1023 510 1102 diceretur,
544 1023 766 1108 sexagenarios
789 1022 827 1088 de
850 1026 946 1107 ponte
969 1022 1048 1087 deici
1071 1025 1225 1106 oportere,
1249 1023 1353 1088 idest
1377 1023 1464 1107 quod
1578 1059 1580 1092 ;

286 1128 474 1213 suffragium
496 1150 561 1206 non
584 1128 700 1208 ferant,
723 1129 808 1213 quod
830 1149 886 1212 per
908 1131 1038 1212 pontem
1060 1126 1226 1192 ferebant’.
1270 1133 1343 1193 358.

287 1229 383 1313 Usu,
407 1234 440 1298 id
463 1237 510 1299 est
532 1233 660 1314 utendo,
684 1233 767 1297 unde
789 1236 821 1297 et
836 1255 989 1316 usurpare
1012 1232 1131 1296 dictum
1150 1236 1207 1310 est,
1232 1233 1369 1298 obtineri
1386 1235 1464 1318 quid

290 1336 381 1404 cum²
412 1339 534 1422 possit,
564 1343 686 1404 veteres
717 1361 777 1402 usu
798 1338 919 1422 perire,
950 1337 1011 1402 hoc
1032 1341 1080 1403 est
1101 1359 1166 1402 non
1188 1337 1317 1417 utendo,
1341 1339 1465 1422 aliquid

292 1465 392 1528 posse.
437 1442 570 1509 Plautus
585 1443 804 1530 Amfitryone:
829 1481 870 1491 —
894 1444 1031 1522 ‘ravesia
1055 1466 1094 1508 ne
1117 1447 1153 1507 tu
1176 1466 1216 1509 na
1238 1466 1296 1508 usu
1311 1442 1464 1526 perduis’.

287 1553 363 1615 307.

290 1653 469 1719 Viritim
492 1654 612 1719 dictum
635 1656 683 1719 est
705 1654 876 1738 separatim
900 1656 932 1720 et
954 1675 1011 1739 per
1034 1653 1177 1738 singulos
1199 1653 1294 1718 viros.
1324 1653 1369 1718 M.
1386 1653 1465 1718 Tul-

289 1759 352 1822 lius
375 1759 413 1823 de
435 1781 469 1824 re
493 1757 655 1843 publica³:
690 1781 725 1823 ac
748 1761 870 1843 primus
894 1781 1004 1845 agros,
1028 1781 1106 1842 quos
1128 1757 1213 1824 bello
1235 1757 1391 1824 Romulus
1415 1781 1467 1823 ce-

288 1867 389 1948 perat,
420 1862 553 1948 (Numa)
585 1864 693 1928 divisit
716 1866 838 1930 viritim
861 1865 1002 1929 civibus'.
1027 1901 1068 1910 -
1092 1861 1196 1928 Varro
1219 1864 1257 1928 de
1278 1863 1346 1928 vita
1368 1887 1399 1948 p.
1424 1863 1464 1930 R.

290 1967 311 2032 l.
336 1966 370 2033 I:
402 1972 444 2033 ‘et
467 1972 557 2033 extra
587 1969 699 2034 urbem
727 1969 762 2033 in
784 1971 930 2056 regiones
952 1967 1062 2035 XXVI
1093 1991 1187 2054 agros
1210 1970 1332 2034 viritim
1354 1970 1466 2035 liberis

291 2075 460 2140 attribuit'.
505 2080 558 2140 30.

422 2317 479 2385 IV.
517 2317 728 2385 ASGONIUS
750 2317 798 2384 IN
821 2317 1048 2385 CICERONIS
1071 2317 1348 2386 calumnas*

737 2477 766 2532 Α.
795 2478 821 2533 ln
841 2477 1021 2534 Pisonianam.

380 2600 436 2665 On.
464 2601 631 2686 Pompeius
658 2601 798 2682 Strabol,
822 2605 913 2686 pater
929 2600 984 2666 On.
1007 2600 1136 2686 Pompei
1159 2602 1280 2688 Magni,
1304 2603 1466 2689 Transpa-
1584 2635 1585 2640 ¹

296 2707 393 2771 danes
416 2707 555 2772 colonias
577 2743 621 2754 --
643 2731 707 2773 non
730 2707 821 2771 novis
853 2707 1036 2772 colonis-
1059 2707 1243 2788 constituit,
1275 2709 1330 2773 sed
1351 2710 1468 2775 veteri·

295 2814 355 2877 bus
379 2811 491 2877 incolis
513 2813 714 2880 manentibus
747 2813 796 2878 ius
819 2813 904 2878 dedit
927 2811 1027 2892 Latii,
1057 2815 1094 2875 ut
1115 2816 1244 2896 possent
1266 2813 1385 2879 habere
1407 2815 1466 2894 ius,

296 2918 380 3003 quod
403 2921 524 2983 ceterae
546 2917 678 2983 Latinae
700 2918 854 2998 coloniae,
878 2919 910 2983 id
934 2923 981 2983 est
1003 2921 1040 2982 ut
1062 2918 1133 3002 per⁶
1157 2919 1364 3003 magistratus
1388 2920 1466 2984 civi-

297 3027 397 3088 tatem
412 3021 589 3089 Romanam
605 3023 861 3108 adipiscerentur.
886 3025 932 3106 (p.
949 3029 971 3088 3
986 3023 1031 3088 ed.
1044 3021 1133 3087 Bait.
1152 3054 1182 3075 =
1198 3045 1233 3104 p.
1249 3028 1274 3088 2
1289 3009 1336 3090 ed'
1347 3025 1463 3090 Kiessl.

297 3133 324 3192 et
348 3126 490 3211 Setaea.)

386 3232 403 3314 ἓ
428 3233 458 3296 8.
494 3231 529 3296 L.
554 3231 646 3312 Iulio,
678 3232 710 3297 Ο.
735 3233 855 3299 Marcio
880 3231 968 3312 oosl,
993 3254 1071 3316 quos
1095 3235 1126 3296 et
1148 3232 1216 3316 ipse
1242 3230 1350 3296 Cicero
1373 3255 1470 3316 supra

298 3337 506 3417 memoravit,
541 3335 623 3402 scio
653 3339 787 3423 collegia
824 3339 950 3404 sublata
980 3341 1072 3418 sunt,
1111 3360 1192 3422 quae
1222 3337 1370 3401 adversus
1401 3359 1468 3401 rem

388 3529 414 3591 1)
433 3527 475 3597 Of.
496 3528 593 3583 Festus
609 3546 633 3583 a.
652 3529 860 3599 sexagenarios.
879 3560 913 3569 -
938 3530 965 3596 2)
985 3529 1032 3600 [sie
1049 3530 1151 3597 scripsi,
1171 3527 1297 3598 optinere
1317 3527 1469 3597 quidquam

299 3617 369 3670 iibri.
401 3615 450 3668 Te.
470 3615 518 3685 ld]
545 3647 580 3656 -
598 3617 624 3684 3)
644 3617 697 3672 Oic.
716 3618 747 3672 de
764 3635 786 3671 r.
801 3635 828 3687 p.
847 3621 914 3685 2,14.
933 3648 967 3657 -
985 3618 1012 3687 4)
1032 3616 1062 3686 Q.
1081 3616 1214 3671 Asconius
1231 3615 1367 3670 Pedianus
1383 3633 1470 3685 pram·

298 3706 411 3759 matieas
429 3705 536 3760 ineante
552 3722 619 3759 saec.
639 3707 658 3758 1
683 3712 764 3761 natas
787 3707 987 3760 commentarios
1011 3705 1133 3759 dannaia
1151 3705 1266 3774 imipnes
1288 3705 1318 3757 in
1337 3703 1470 3758 Cicerorm

300 3795 433 3847 arationes
454 3794 561 3862 sempsit
578 3800 695 3848 sanatos
720 3795 796 3848 nobis
814 3810 868 3848 ano
887 3794 973 3847 cadim
991 3793 1172 3862 Sammaei,
1202 3793 1250 3860 qai
1265 3807 1332 3845 saec.
1353 3790 1416 3844 XV
1428 3790 1469 3844 de·

299 3881 414 3950 sem'ptas
430 3886 523 3950 postea
536 3881 626 3950 periit.
660 3881 735 3936 Huic
751 3883 847 3935 incerti
863 3882 980 3936 caeteris
997 3882 1027 3934 in
1045 3880 1170 3934 Verrinas
1188 3880 1370 3934 commentarii
1387 3885 1471 3934 aetate

300 3975 325 4023 et
342 3968 465 4023 doctrina
484 3969 560 4039 tange
577 3970 717 4038 infertores
735 3970 857 4024 adiuncti
868 3968 991 4038 famant,
1011 3969 1179 4038 qaiAseonii
1194 3969 1300 4022 normae
1318 3968 1365 4021 dia
1383 3968 1473 4021 ornati

302 4056 380 4111 hodie
401 4056 450 4110 sab
473 4055 703 4111 Pseudo-Asconii
723 4058 829 4109 nmairee
850 4057 930 4110 citeri
952 4057 1043 4109 solent.
1079 4054 1192 4108 Asconii
1209 4057 1409 4108 commentarios
1426 4070 1471 4107 no·

301 4145 405 4198 rasim
425 4143 563 4198 ediderunt
581 4144 717 4214 Kieasiinq
737 4144 975 4198 etSchoeil1875.
1012 4142 1127 4196 Eosdem
1146 4148 1171 4196 et
1189 4141 1471 4196 Pseudo-Asconianas

302 4233 455 4286 corrinnetos
482 4232 564 4286 edidit
586 4232 682 4286 Baiter
705 4234 734 4286 in
754 4231 806 4286 Oia.
832 4230 970 4285 edilred.
998 4229 1027 4283 Τ.
1052 4230 1081 4284 V.
1102 4247 1131 4298 p.
1152 4229 1194 4297 II,
1216 4231 1290 4282 1835.
1333 4228 1473 4298 Utriusque

303 4319 427 4373 editionis
449 4320 566 4389 popinas
583 4320 696 4389 simpatia
714 4321 778 4374 iocis
795 4319 922 4388 excerptis
939 4319 1032 4372 adieci.
1059 4349 1089 4356 —
1116 4318 1143 4387 5)
1162 4333 1212 4371 cos.
1231 4334 1256 4370 a.
1275 4334 1302 4370 a.
1321 4333 1343 4372 c.
1362 4320 1419 4373 665.
1438 4348 1469 4356 —

304 4437 335 4446 -
356 4408 382 4477 6)
400 4424 450 4477 per
466 4407 623 4475 Buecheler,
647 4407 705 4478 peti
723 4406 895 4478 adpetendi
914 4407 983 4462 trieri.
1001 4437 1035 4447 —
1054 4407 1081 4478 7)
1099 4423 1124 4460 a.
1142 4423 1169 4460 a.
1189 4422 1209 4461 c.
1229 4407 1288 4459 690.
