3184 5156
259 375 282 440 4
758 371 846 443 Leges
864 373 968 443 regiae.

260 553 367 639 θήκας
383 553 418 617 δέ
434 553 535 617 έδωκε
549 561 614 628 τοῖς
628 552 802 637 πατρικίοις
817 556 890 629 τοὺς
903 552 1099 640 δημοτικούς,
1117 553 1286 640 ἐπιτρέψας
1301 555 1440 641 ἑκάστῳ,

262 698 302 706 -
326 660 360 724 δν
384 660 478 734 αὐτὸς
502 657 649 746 ἐβούλετο
671 659 773 744 νέμειν
795 658 984 746 προστάτην,
1004 696 1049 707 -
1063 661 1257 745 πατρωνείαν
1280 661 1440 748 ὀνομάσας

257 768 314 851 την
336 763 538 849 προστασίαν.

348 871 379 935 2.
403 869 501 935 Dioe.
524 869 630 954 (2,10)
643 869 668 934 :1
690 866 749 933 Ἦν
773 869 808 932 δέ
829 871 870 934 τά
892 867 945 933 ὑπ’
967 868 1088 934 ἐκείνου
1110 869 1182 936 τότε
1204 870 1374 957 ὁρισθέντα
1396 910 1441 921 -

260 975 321 1060 ἔθη
347 977 420 1059 περί
449 979 506 1050 τὰς
533 973 727 1058 πατρωνείας
749 974 874 1038 τοιάδε·
906 977 980 1050 τοὺς
1004 975 1059 1058 μέν
1082 975 1266 1060 πατρικίους
1290 977 1353 1042 ἔδει
1375 986 1442 1052 τοῖς

259 1079 379 1145 ἑαυτῶν
401 1080 551 1156 πελάταις
575 1079 757 1165 ἐξηγεῖσθαι
780 1083 820 1144 τά
843 1079 960 1160 δίκαια,
984 1116 1027 1127 -
1050 1079 1141 1157 δίκας
1163 1103 1198 1146 τε
1212 1082 1291 1167 ὑπὲρ
1308 1091 1371 1148 τῶν
1386 1104 1441 1148 πε-

259 1185 364 1252 λατῶν
388 1185 602 1270 ἀδικουμένων
626 1184 795 1271 λαγχάνειν
822 1224 866 1234 -
881 1188 937 1250 καί
960 1195 1024 1262 τοῖς
1040 1185 1229 1270 ἐγκαλοῦσιν
1242 1187 1370 1273 ὑπέχειν
1387 1228 1440 1253 -.

257 1294 330 1367 τοὺς
354 1292 389 1355 δὲ
411 1291 551 1367 πελάτας
583 1291 646 1355 ἔδει
674 1301 738 1367 τοῖς
761 1291 881 1357 ἑαυτῶν
903 1292 1092 1378 προστάταις
1114 1292 1294 1378 θυγατέρας
1317 1274 1441 1358 τεσυν-

261 1397 448 1462 εκδίδοσθαι
470 1396 685 1482 γαμουμένας,
715 1396 742 1460 εί
764 1395 940 1475 σπανίζοιεν
963 1396 992 1460 oi
1014 1395 1147 1482 πατέρες
1169 1397 1354 1482 χρημάτων,
1385 1399 1441 1461 καί

260 1500 360 1585 λύτρα
383 1500 595 1588 καταβάλλειν
617 1498 786 1584 πολεμίοις,
810 1503 841 1565 εί
860 1522 904 1576 τις
927 1501 1029 1566 αὐτῶν
1052 1503 1073 1588 ἢ
1096 1501 1215 1566 παίδων
1238 1501 1441 1589 αἰχμάλωτος

261 1607 393 1692 γένοιτο·
418 1607 508 1682 δίκας
531 1628 565 1671 τε
588 1603 727 1670 ἁλόντων
751 1605 829 1682 ίδίας
851 1607 872 1692 ἢ
895 1605 1007 1692 ζημίας
1029 1606 1189 1691 ὀφλόντων
1212 1607 1365 1694 δημοσίας
1384 1609 1441 1692 ἀρ-

257 1715 388 1798 γυρικὸν
413 1712 548 1798 ἐχούσας
569 1711 687 1797 τίμημα
703 1711 742 1775 έκ
757 1719 819 1776 των
837 1710 920 1775 ἰδίων
936 1710 1070 1776 λύεσθαι
1085 1712 1255 1798 χρημάτων
1271 1751 1323 1776 -.
1345 1722 1440 1799 κοινη

260 1817 288 1882 δ’
310 1816 498 1902 ἀμφοτέροις
521 1818 593 1881 οὔτε
625 1818 710 1881 ὅσιον
732 1818 805 1880 οὔτε
829 1815 918 1901 θέμις
940 1819 979 1902 ην
1002 1828 1190 1903 κατηγορεῖν
1213 1817 1363 1902 ἀλλήλων
1385 1819 1439 1882 ἐπί

260 1923 351 1999 δίκας
373 1925 395 2010 ἢ
418 1932 671 2009 καταμαρτυρεῖν
694 1924 715 2008 ἢ
738 1922 841 2008 ψῆφον
866 1921 1005 1988 ἐναντίαν
1026 1921 1181 2008 ἐπιφέρειν
1204 1960 1257 1989 -.
1290 1923 1317 1987 εἰ
1338 1921 1374 1987 δέ
1389 1945 1436 2000 τις

261 2028 466 2114 ἐξελεγχθείη
497 2027 618 2093 τούτων
645 2049 675 2092 τι
697 2026 977 2112 διαπραττόμενος,
1012 2030 1122 2114 ένοχος
1144 2031 1183 2114 ην
1205 2037 1249 2114 τῷ
1272 2028 1358 2115 νόμῳ
1381 2039 1439 2115 της

256 2133 439 2219 προδοσίας,
463 2135 498 2197 δν
522 2134 682 2218 ἐκάρωσεν
706 2132 909 2218 δῬωμὺλος,
932 2136 985 2198 τὸν
1009 2134 1043 2198 δὲ
1060 2132 1177 2199 άλάντα
1195 2141 1238 2220 τῷ
1254 2132 1438 2221 βουλομένῳ

259 2241 391 2306 κτείνειν
415 2241 499 2303 ὅσιον
521 2241 560 2325 ἦν
583 2238 625 2315 ὡς
648 2239 738 2325 θῦμα
760 2246 815 2302 τοῦ
839 2238 1055 2324 καταχθονίου
1077 2237 1189 2314 Διὸς.2
1495 2245 1500 2253 “

345 2350 375 2414 3.
407 2346 504 2412 Βίου.
528 2346 726 2433 (2,12.14)τ8
760 2344 797 2410 Ὁ
821 2346 856 2409 δὲ
877 2344 1038 2429 Ῥωμύλος
1061 2343 1168 2428 ἐπειδὴ
1191 2349 1290 2406 ταῦτα
1313 2342 1437 2408 διεκόσ-

256 2473 346 2539 μησε,
369 2452 541 2540 βουλευτάς
565 2452 662 2528 εὐθὺς
685 2453 766 2536 ἔγνω
790 2450 1063 2536 καταστήσασθαι,
1087 2445 1158 2532 μεθ’
1173 2447 1216 2510 ὦν
1231 2445 1379 2530 πράττειν
1395 2452 1435 2514 τά

256 2561 349 2623 κοινά
373 2557 514 2644 έμελλεν,
539 2558 577 2622 ἐκ
600 2566 662 2623 τῶν
685 2555 858 2644 πατρικίων
882 2556 998 2641 ἄνδρας
1014 2555 1128 2620 ἑκατὸν
1144 2551 1375 2639 ἐπιλεξάμενος.
1390 2592 1435 2603 -

257 2705 466 2716 ...-—-——--‹

329 2808 352 2871 l)
371 2802 575 2871 (Constitutum
594 2802 662 2856 tunc
682 2802 724 2855 cst
743 2799 780 2854 ab
798 2798 850 2855 illo
867 2797 910 2853 ius
928 2797 1096 2868 patronatus
1113 2795 1184 2851 tale:
1204 2795 1337 2865 patricios
1350 2814 1433 2867 opor·

255 2893 339 2949 tebat
358 2891 508 2947 clientibus
527 2889 583 2943 suis
603 2889 646 2942 ius
664 2887 856 2958 interpretari,
874 2886 939 2942 lites
957 2903 1008 2956 pro
1024 2885 1071 2951 eis,
1090 2883 1113 2937 si
1125 2882 1229 2937 iniuria
1242 2883 1433 2952 afficerentur,

256 2980 412 3044 intendere,
432 2978 584 3049 agentibus
603 2975 712 3041 adesse;
732 2976 849 3030 clientes
868 2991 933 3029 vero
951 2971 1098 3043 oportebat
1112 2970 1246 3039 patronos
1259 2985 1322 3024 suos
1334 2971 1436 3028 iuvare

258 3067 289 3122 in
308 3065 480 3124 collocandis
500 3065 623 3129 filiabus,
647 3064 670 3118 si
688 3065 819 3135 parentes
836 3062 936 3133 opibus
952 3060 1089 3121 carerent,
1107 3057 1144 3112 ab
1153 3055 1279 3112 hostibus
1297 3059 1437 3118 redimere

257 3173 302 3212 eos
320 3155 345 3208 si
362 3155 417 3224 ipsi
436 3156 487 3208 aut
505 3153 588 3208 liberi
601 3153 678 3222 capti
690 3154 789 3214 essent,
809 3153 837 3204 et
850 3148 945 3204 litium
958 3149 1018 3201 tam
1031 3145 1209 3216 privatarum
1221 3142 1436 3204 aestimationes

255 3261 342 3313 quam
363 3241 490 3312 publicas
508 3241 628 3305 multas,
657 3240 680 3294 si
698 3237 878 3296 condemnati
896 3238 1000 3298 essent,
1024 3250 1075 3303 pro
1093 3231 1132 3286 eis
1150 3228 1269 3284 solvere!
1301 3229 1434 3288 Commu-

253 3331 330 3385 niter
354 3332 450 3384 autem
469 3328 595 3398 utrisque
618 3328 661 3382 ius
679 3328 778 3396 fasque
796 3344 853 3381 non
871 3327 933 3380 erat
950 3320 1070 3376 invicem
1087 3335 1115 3372 se
1135 3332 1275 3381 accusare,
1302 3319 1434 3378 testimo·

253 3419 333 3473 nium
352 3418 501 3473 adversum
520 3418 643 3472 alterum
662 3415 752 3470 dicere
780 3414 826 3469 vel
846 3409 1012 3480 suffragium
1035 3408 1132 3462 contra
1153 3420 1217 3460 eum
1237 3404 1318 3460 ferre.
1353 3407 1434 3472 Quod

186 3483 195 3500 Ι
256 3507 279 3560 si
298 3505 360 3575 quis
379 3504 516 3560 eiusmodi
535 3505 653 3559 alicuius
672 3502 804 3558 facinoris
824 3499 966 3557 convictus
979 3495 1058 3561 esset,
1078 3490 1246 3564 proditionis
1258 3491 1329 3563 lege,
1348 3513 1437 3564 quam

255 3593 391 3650 Romulus
411 3595 553 3659 sanxerat,
572 3593 706 3649 obnoxius
725 3590 789 3656 fuit,
809 3604 928 3658 eumque
940 3583 1102 3647 interficere,
1122 3581 1155 3634 ut
1167 3578 1227 3633 Diti
1239 3595 1359 3649 sacrum,
1379 3585 1438 3638 cui·

252 3682 325 3738 libet
349 3682 475 3752 licebat.)
514 3682 555 3750 Of.
576 3681 649 3736 Piut.
670 3680 747 3735 Rom.
767 3681 807 3733 13.
835 3707 869 3718 —
888 3677 916 3744 2)
940 3674 1019 3729 Vetus
1037 3676 1075 3726 eet
1092 3669 1262 3738 disceptatio,
1288 3675 1382 3725 utrem
1400 3681 1437 3742 τῷ

253 3775 326 3840 νόμῳ
345 3777 394 3839 τῆς
412 3774 553 3838 προδοσίας
579 3770 712 3839 generalis
739 3768 770 3822 de
783 3765 938 3836 proditione
956 3761 999 3816 lex
1016 3761 1053 3815 eii
1069 3756 1252 3828 intelieqeridd,
1271 3773 1325 3826 que
1339 3766 1437 3828 potro-

253 3875 306 3912 ιτιιο
324 3875 428 3928 quoque
446 3859 578 3913 obnoxius
593 3857 655 3926 fieri
666 3857 802 3926 potuerit,
830 3871 867 3908 αα
884 3850 1010 3921 specum
1027 3847 1059 3902 de
1072 3845 1186 3916 petroni
1204 3843 1331 3900 adieretis
1354 3848 1436 3904 clen-

253 3953 305 4002 tem
318 3947 429 4017 froude.
465 3945 544 4000 Illud
556 3951 621 4016 post
638 3945 707 3998 aiios
724 3942 844 4012 defendit
861 3939 949 3994 Dieole
968 3935 1114 4004 (Vereuciie
1127 3950 1156 4002 ρ.
1176 3933 1227 3998 15),
1247 3933 1362 3988 attede
1380 3952 1436 3992 rec.

254 4037 309 4090 tius
328 4035 440 4091 Kortia
460 4035 627 4105 (perduellio,
641 4050 671 4102 ρ.
685 4034 792 4099 21-7).
828 4027 953 4083 Eaedem
972 4040 1026 4079 esee
1039 4021 1126 4092 ledere,
1145 4035 1225 4088 quem
1244 4019 1314 4073 XII
1326 4022 1438 4080 teduine

254 4127 316 4193 8,21
340 4124 477 4192 cediderit,
505 4124 645 4192 repetitam
670 4121 771 4176 scilicet
797 4136 811 4174 e
836 4117 948 4172 Βοικαίι·
972 4113 1086 4184 leuibus,
1112 4108 1170 4162 ueri
1193 4108 1280 4162 simile
1306 4117 1352 4165 est.
1391 4112 1435 4182 Of.

254 4211 383 4281 Dictaeo,
403 4213 449 4282 leq.
462 4229 514 4282 req.
534 4214 594 4266 286.
621 4209 778 4276 Mommsen,
796 4206 989 4274 Forccbuuqen
1006 4201 1083 4268 1,384
1093 4214 1120 4251 κ.
1130 4197 1172 4249 52.
1192 4224 1225 4233 --
1244 4196 1272 4263 3)
1286 4195 1434 4264 (Romulus

253 4316 316 4354 oum
344 4299 412 4354 haec
430 4298 635 4366 constituisset,
664 4297 836 4352 consultores
859 4292 1008 4348 instituere
1032 4283 1169 4348 decrevit,
1196 4282 1361 4352 quibuscum
1385 4305 1432 4343 res

253 4386 384 4457 publicas
402 4385 625 4450 administraret,
645 4403 659 4440 e
676 4383 805 4454 patriciis
823 4380 930 4436 Oricos
949 4376 1064 4446 eligens.
1094 4370 1143 4425 His
1156 4370 1318 4425 constitutis
1337 4372 1435 4428 distri·

251 4475 315 4530 buit
339 4477 508 4547 potestates,
536 4491 607 4544 quas
631 4486 857 4543 unumquemque
880 4467 984 4522 habero
1008 4460 1131 4518 volebat.
1166 4458 1206 4512 Ac
1231 4459 1293 4528 regi
1315 4460 1432 4530 quidem
