3214 5168
289 359 353 425 326
748 355 855 412 Causae
872 356 1001 414 forenses

238 542 279 600 14.
289 558 365 602 esse.
404 534 470 604 Ubi
500 535 674 601 comfluont
699 537 705 617 Ι
735 533 824 600 Edus
847 538 880 600 et
900 533 1095 616 Procobera‚
1123 535 1187 600 ibei
1210 535 1366 601 terminus
1389 536 1420 598 st
1440 535 1463 597 t.
1579 549 1580 578 ³

289 640 367 709 Inde
390 642 458 709 Ede
481 642 577 708 florio
600 662 800 707 sursuorsum
822 641 856 704 in
878 645 1018 705 montem
1041 640 1211 706 Lemurino
1232 641 1372 717 infum03
1401 639 1464 703 ibei

240 759 281 813 15.
289 749 443 813 terminus
462 744 475 816 ΙΙ
492 750 567 813 stat.
612 744 689 812 Inde
712 768 838 811 sursum
865 768 993 811 vorsum
1015 748 1092 832 iugo
1115 751 1198 813 recte
1221 750 1330 812 moute
1350 746 1465 811 Lemu-
1579 735 1580 746 ¹

290 853 382 932 rin03
406 853 471 919 ibei
493 852 665 918 terminus¹
689 855 764 916 stat.
810 849 887 916 Inde
909 849 977 916 cel.²
1579 927 1580 936 Ι

238 971 279 1028 23.
379 955 479 1033 Quem
503 979 616 1043 agrum
639 957 801 1042 poplicum
821 959 826 1037 Ι
846 956 1020 1022 iudicamus
1044 979 1120 1038 esse,
1144 980 1215 1024 eum
1234 980 1349 1045 agrum
1364 962 1465 1023 caste·
1578 945 1580 974 ⁵

289 1063 381 1129 lenos
411 1062 592 1149 Langenses
615 1060 778 1128 Veiturios
809 1060 982 1150 po[sa]dere
1011 1062 1139 1148 fruique
1161 1064 1287 1128 videtur
1310 1068 1464 1148 oportere.
1580 1125 1581 1130 ,

238 1181 280 1236 25.
290 1169 354 1234 Pro
377 1191 414 1234 eo
438 1190 517 1254 agro
539 1166 677 1252 vectigal
698 1166 880 1252 Langenses
892 1165 905 1236 l
916 1164 1058 1232 Veituris
1082 1169 1116 1232 in
1137 1168 1299 1253 poplicum
1322 1167 1466 1234 Genuam
1580 1163 1581 1210 1

291 1275 367 1339 dent
389 1275 423 1338 in
446 1296 523 1339 anos
546 1271 689 1358 singulos
712 1270 943 1358 vic(toriatos)⁸
965 1273 1141 1357 n(ummos)
1165 1271 1275 1338 0000.
1313 1272 1364 1339 Sei
1381 1273 1464 1338 Lan-

290 1401 402 1465 genses
425 1401 495 1444 eam
510 1378 682 1463 pequniam
697 1398 762 1441 non
777 1376 899 1442 dabunt
913 1399 1015 1461 neque
1030 1379 1108 1442 satis
1127 1377 1132 1462 Ι
1152 1377 1271 1443 facient
1286 1378 1466 1443 arbitratuu

292 1483 494 1564 (tenuatum,
519 1482 602 1568 quod
616 1505 674 1567 per
690 1481 868 1547 Genuenses
891 1480 1012 1565 mo[r]a
1033 1505 1098 1547 non
1113 1482 1180 1562 fist,
1205 1505 1283 1567 quos
1299 1484 1379 1547 etius
1398 1506 1467 1548 eam
1581 1525 1582 1568 1

291 1590 463 1674 pequniam
487 1587 641 1672 acipiant:
665 1590 734 1651 tum
758 1587 842 1672 quod
864 1586 897 1651 in
921 1608 957 1651 eo
981 1608 1059 1673 egro
1079 1587 1084 1673 Ι
1103 1593 1215 1652 netum
1238 1589 1299 1653 erit
1314 1589 1466 1655 frumenti

291 1699 417 1780 partem
439 1694 663 1773 vicensumsm‚
686 1693 753 1756 vini
775 1695 899 1776 partem
914 1696 1037 1757 sexium
1052 1693 1232 1780 Langenses
1255 1694 1289 1758 in
1305 1694 1466 1780 poplicum

292 1799 436 1866 Genuam
459 1799 534 1863 dare
556 1798 691 1863 debento
710 1797 715 1884 Ι
735 1799 768 1862 in
791 1820 890 1863 annos
912 1799 1064 1884 singolos.

380 1904 459 1982 Quei
482 1903 569 1968 intra
598 1925 650 1969 eos
677 1903 768 1968 fineis
792 1925 905 1988 agrum
929 1905 1058 1988 poscdet
1081 1903 1206 1970 (tenues
1230 1909 1287 1969 aut
1308 1905 1467 1985 Viturius‚

293 2009 366 2095 quei
388 2031 497 2075 eorum
518 2010 661 2093 posedeit
683 2009 715 2073 lr.
740 2008 941 2093 Sextilpbus)
965 2008 1000 2074 L.
1024 2008 1154 2074 Caicilio
1174 2007 1179 2095 Ι
1199 2008 1235 2086 Q.
1248 2009 1378 2076 Muucio
1393 2032 1466 2091 cos..

291 2136 344 2179 eos
367 2115 413 2178 ita
435 2115 579 2198 posidere
600 2115 764 2198 colereque
779 2113 881 2179 liceat.
916 2112 991 2178 Eis*
1015 2114 1088 2198 quei
1102 2113 1302 2197 posidebunt,
1325 2117 1464 2200 vectigal

239 2219 511 2305 30.Langensibus
533 2241 592 2304 pro
615 2219 761 2303 portione
784 2218 860 2282 dent
882 2217 944 2296 ita,
973 2221 1010 2281 ut
1032 2217 1128 2282 ceteri
1146 2215 1159 2289 ΙΙ
1178 2218 1378 2303 Langenses,
1412 2221 1466 2304 qui

291 2346 400 2390 eorum
426 2323 460 2388 iu
489 2346 525 2389 eo
548 2344 626 2408 agro
658 2346 772 2409 agrum
795 2321 987 2408 posidebunt
1008 2321 1228 2407 fruenturque.
1273 2320 1404 2388 Praeter
1427 2346 1464 2390 ca

290 2430 324 2493 in
348 2451 385 2494 eo
411 2451 489 2514 agro
511 2429 546 2493 ni
569 2428 640 2511 quis
663 2428 807 2511 posideto
828 2427 892 2492 nisi
915 2427 953 2492 de
975 2428 1095 2492 maiore
1116 2431 1208 2511 parte
1228 2427 1233 2513 Ι
1251 2428 1466 2514 Langensium
1581 2493 1582 2498 ,

290 2533 510 2599 Veituriorum
542 2532 714 2612 sententis,
747 2533 822 2596 dum
844 2555 885 2597 ne
907 2531 1006 2596 alium
1029 2531 1115 2596 intro
1137 2532 1233 2598 mitet
1255 2534 1317 2598 nisi
1341 2532 1467 2599 Genua·

290 2644 355 2704 tem
379 2644 435 2704 aut
449 2636 633 2703 Veiturium
655 2638 777 2702 colendi
801 2659 904 2703 causa.
940 2637 1019 2715 Quoi
1034 2660 1144 2703 eorum
1163 2640 1169 2721 Ι
1189 2639 1227 2703 de
1241 2639 1361 2704 maiore
1376 2643 1467 2723 parte

289 2744 504 2831 Langensium
519 2743 703 2809 Veiturium
725 2743 884 2809 sententia
907 2743 954 2808 ita
975 2765 1040 2808 non
1062 2743 1198 2826 parebit,
1222 2743 1249 2808 is
1265 2765 1338 2808 eum
1354 2765 1467 2830 agrum

290 2851 342 2914 nei
364 2849 482 2916 hebeto
505 2848 579 2914 nive
601 2847 763 2914 fruimino

378 2954 458 3031 Quoi
486 2955 491 3038 Ι
518 2975 595 3039 ager
622 2975 825 3039 compascuos
847 2952 927 3032 crit,
962 2952 997 3016 in
1019 2973 1056 3016 eo
1079 2973 1157 3037 agro
1180 2953 1349 3036 quominus
1372 2975 1466 3036 pecus

292 3061 452 3142 [p]ascere
474 3058 634 3124 Genuates
649 3056 876 3142 Veituriosque
898 3059 993 3122 liceat
1015 3058 1072 3137 ita,
1094 3058 1161 3123 utei
1183 3058 1217 3122 in
1240 3062 1343 3124 cetero
1367 3057 1462 3145 agrol

291 3165 429 3230 Genuati
461 3185 667 3249 compascuo,
697 3164 731 3228 ni
762 3165 833 3248 quis
864 3162 1047 3249 prohibeto,
1078 3163 1151 3229 nive
1175 3164 1245 3249 quis
1268 3164 1333 3228 vim
1356 3164 1463 3242 facito,

238 3292 280 3346 35.
290 3271 381 3334 neive
403 3269 572 3353 prohibeto
595 3290 658 3352 quo
680 3268 785 3333 minus
807 3290 846 3333 ex
869 3289 905 3332 eo
928 3288 1006 3352 agro
1028 3266 1118 3352 ligna
1131 3268 1362 3352 materiamque
1382 3267 1394 3339 ll
1413 3291 1466 3332 su·

289 3379 380 3440 mant
401 3377 607 3458 utunturque.

378 3476 527 3564 Vectigal
550 3478 627 3542 anni
649 3478 745 3562 primi
766 3479 799 3544 k.
823 3477 967 3543 Ianuaris
991 3479 1134 3544 secundis
1162 3476 1293 3543 Veturis
1317 3477 1466 3563 Langen-

291 3606 339 3648 ses
362 3585 396 3649 in
420 3584 582 3669 poplicum
607 3581 750 3648 Genuam
773 3585 873 3666 derel
894 3584 1037 3649 debente.
1084 3583 1175 3661 Quod
1197 3587 1271 3649 ante
1292 3584 1323 3649 k.
1340 3582 1466 3650 Ianuar.

291 3689 411 3773 primas
434 3689 616 3775 Langenses
639 3688 736 3753 fructi
760 3693 835 3754 sunt
856 3693 1022 3774 eruntque,
1046 3690 1184 3776 vectigal
1198 3690 1311 3756 invitei
1326 3690 1401 3754 dare
1416 3691 1468 3755 nei

291 3795 529 3878 debentem!

379 3899 477 3965 Prata
510 3923 591 3985 quae
623 3900 754 3965 fuerunt
796 3923 951 3986 proxuma
995 3901 1156 3966 faenisicei
1190 3900 1226 3965 L.
1262 3897 1396 3964 Caecilio
1431 3899 1467 3976 Q.

294 4003 423 4070 Muucio
446 4027 508 4070 cos.
540 4007 574 4071 in
598 4027 676 4091 agro
698 4006 843 4090 poplico‚
876 4028 969 4091 quem
992 4003 1134 4070 Vituries
1156 4005 1336 4089 Langenses
1356 4002 1361 4088 Ι
1381 4005 1467 4087 posi-

363 4180 388 4250 1)
407 4180 535 4238 termins.
554 4211 583 4222 -
602 4182 630 4250 2)
648 4181 761 4235 Fauiam
780 4181 980 4250 asculensem
996 4181 1127 4248 reliquom
1140 4180 1223 4234 mussa
1241 4209 1276 4218 --
1294 4179 1322 4249 3)
1336 4181 1469 4236 Nascus

288 4269 339 4322 ella
356 4274 442 4323 aetate
466 4271 496 4323 a'n
521 4268 614 4323 Gallio
641 4268 780 4338 Cisalpina
803 4268 938 4338 culquam
966 4269 1103 4324 mortali
1129 4273 1257 4336 quatem
1284 4268 1353 4322 idem
1380 4270 1469 4323 aulem

291 4356 364 4425 qaod
381 4356 487 4411 macrii
503 4363 572 4426 tres·
590 4357 625 4426 cf.
637 4356 793 4426 Mmauucu,
808 4356 977 4412 Mtuawesen
990 4374 1020 4425 p.
1030 4359 1082 4411 389
1100 4362 1125 4410 et
1143 4355 1220 4424 iufra
1237 4361 1329 4410 uotam
1346 4357 1384 4410 ud
1395 4356 1467 4412 Fest.

290 4460 315 4499 o.
334 4444 456 4499 sesterti.
474 4473 509 4483 -
529 4443 556 4514 4)
576 4460 632 4498 eus.
771 4457 773 4462 ·
