3256 5154
681 1276 802 1360 PARS
829 1274 1054 1361 SECUNDA.

637 1491 1182 1630 nnconln.¹

765 1733 922 1808 CAPUT
949 1733 979 1807 Ι.

324 1932 461 2015 LEGES
491 1934 650 2018 altile
677 1928 1047 2139 Rigggntilostrwgm
1077 1935 1282 2019 suctuve
1311 1937 1408 2020 llSlll

351 2245 464 2318 [Legem
491 2250 522 2303 ut
548 2267 614 2306 suae
640 2250 681 2305 rei
706 2250 797 2320 quivis
817 2252 893 2305 recte
910 2249 979 2304 dicit
998 2249 1243 2319 (1229.23,4,20,1),
1271 2251 1315 2306 ita
1334 2254 1455 2320 populus

281 2351 390 2403 quoque
408 2335 453 2390 vel
472 2335 587 2405 quaevis
606 2354 651 2393 res
672 2336 786 2407 publica
806 2337 841 2391 ad
860 2337 959 2408 populi
977 2336 1192 2392 similitudinem
1210 2339 1383 2407 constituta,
1411 2358 1460 2396 ne-

282 2438 336 2490 que
364 2421 422 2477 fere
440 2421 527 2479 dictio
544 2441 578 2478 ea
597 2442 614 2480 a
632 2426 746 2496 privata
764 2425 868 2480 recedit
886 2423 939 2478 nisi
958 2423 989 2478 in
1007 2424 1089 2478 rebus
1107 2423 1247 2481 communi
1265 2441 1377 2482 sacrove
1396 2428 1459 2482 usui

282 2508 439 2566 destinatis.
477 2511 552 2566 Nam
578 2530 650 2582 quae
676 2513 774 2584 populi
792 2513 859 2568 sunt
883 2512 928 2567 vel
946 2511 1058 2580 collegii
1078 2511 1234 2582 corporisve
1252 2513 1457 2584 cuiuscumque,

281 2595 316 2650 iis
341 2598 501 2668 saepissime
529 2600 679 2655 secundum
707 2603 797 2656 certas
827 2599 904 2670 leges
930 2600 982 2653 aut
999 2615 1094 2654 omnes
1123 2601 1243 2654 utuntur
1272 2602 1322 2655 aut
1343 2601 1458 2671 aliquod

284 2685 429 2739 hominum
447 2704 534 2757 genus
541 2709 548 2753 ;
574 2687 603 2741 id
628 2688 702 2757 quod
726 2687 794 2740 iuris
818 2687 924 2758 privati
948 2687 1016 2742 fines
1034 2686 1150 2741 excedit.
1187 2685 1342 2758 Supersunt
1360 2692 1457 2744 autem

284 2790 340 2828 non
358 2791 449 2843 pauca.
467 2773 525 2829 eius
544 2774 653 2845 generis
671 2774 869 2842 instrumenta,
887 2792 960 2844 quae
980 2791 1042 2828 cum
1057 2773 1177 2830 adhunc
1195 2776 1323 2845 syllogen
1342 2777 1457 2833 omnino

284 2859 459 2929 pertineant,
487 2879 543 2931 quo
559 2861 621 2917 loco
638 2861 813 2932 potissimum
832 2862 1002 2918 collocentur
1020 2861 1146 2915 dubitari
1164 2864 1271 2930 potest;
1295 2863 1342 2918 sed
1364 2865 1455 2934 magis

281 2947 397 3018 placuit,
426 2951 458 3003 ut
476 2949 551 3004 inter
568 2949 683 3020 privata
703 2949 893 3004 instrumenta
914 2948 1093 3016 referrentur,
1121 2966 1184 3004 cum
1203 2966 1237 3005 ea
1254 2968 1363 3021 quoque
1384 2969 1457 3021 quae

283 3037 380 3106 populi
409 3038 476 3092 suut
492 3053 585 3093 eseeve
603 3037 736 3096 videntur
756 3055 813 3094 non
831 3040 891 3091 tam
910 3054 927 3091 a
947 3036 1060 3107 publico
1078 3036 1139 3092 iure
1161 3037 1307 3107 pendeant
1332 3057 1418 3108 quam
1437 3057 1455 3095 a

282 3123 322 3177 rei
346 3122 476 3181 dominio.
513 3124 544 3179 ld
564 3125 720 3180 luculenter
737 3124 861 3180 ostendit
887 3124 962 3180 inter
981 3123 1038 3178 alia
1056 3125 1101 3179 lex
1119 3125 1195 3178 infra
1213 3123 1291 3179 edita
1310 3126 1363 3180 vici
1385 3127 1454 3180 Fur-

282 3210 420 3278 fonensis;
447 3229 514 3266 nam
539 3213 615 3267 vicus
638 3229 700 3267 cum
720 3213 780 3267 iure
797 3212 909 3282 publico
928 3209 1052 3280 collegn'is
1072 3210 1270 3280 aequiparetur
1289 3229 1378 3282 neque
1396 3231 1457 3282 rem

282 3297 425 3367 publicam
446 3298 551 3354 habeat
572 3298 627 3354 nisi
648 3316 682 3354 ca
700 3299 818 3366 ratione,
843 3316 899 3369 qua
916 3298 985 3353 item
1002 3298 1111 3368 corpori
1130 3299 1291 3370 cuicumque
1310 3301 1454 3367 tribuitur,

282 3383 356 3439 hanc
376 3387 467 3456 legem
488 3386 632 3456 privatam
650 3403 708 3441 esse
726 3385 853 3440 dubitari
869 3403 926 3441 non
938 3387 1040 3456 potest.
1066 3385 1107 3440 Ea
1126 3389 1222 3441 autem
1240 3404 1270 3442 re
1288 3406 1344 3444 non
1362 3388 1458 3444 differt

284 3474 375 3542 alege
397 3491 483 3542 quam
495 3474 615 3544 populus
635 3475 777 3530 Romanus
794 3473 866 3528 dixit
885 3475 948 3529 viae
961 3475 1070 3545 Appiae
1087 3476 1117 3529 et
1129 3474 1238 3544 Appiae
1251 3491 1348 3545 aquae.
1375 3477 1457 3531 Acce-

282 3560 326 3614 dit
344 3561 418 3631 quod
436 3561 505 3617 haec
516 3561 612 3631 legum
625 3561 710 3617 dictio
721 3578 892 3631 quamquam
918 3562 979 3617 iure
1004 3562 1040 3616 ad
1066 3563 1201 3633 populum
1229 3565 1339 3634 spectat
1367 3581 1457 3633 neque

283 3649 400 3704 dubium
428 3651 470 3704 est
490 3651 574 3719 ‘leges
594 3649 629 3704 de
648 3648 766 3718 singulis
784 3665 872 3718 aquas
890 3649 974 3705 latas'
992 3648 1121 3705 Frontini
1138 3649 1183 3720 (de
1204 3651 1284 3721 aquis
1302 3652 1346 3718 94)
1374 3651 1459 3706 intel·

283 3737 341 3808 legi
364 3737 491 3808 publicas
508 3736 607 3807 populi
630 3735 758 3800 Romani,
786 3752 984 3808 saepenumero
1010 3738 1153 3808 perficitur
1180 3738 1278 3793 edictis
1305 3739 1458 3808 magistra-

282 3826 363 3878 tuum
381 3825 439 3880 sive
457 3823 555 3895 populi
581 3823 615 3877 de
639 3839 672 3878 ea
696 3839 726 3878 re
750 3823 826 3876 iussu
849 3824 907 3879 sive
932 3841 982 3879 sua
996 3827 1150 3896 potestate
1178 3842 1237 3881 rem
1255 3825 1457 3881 ordinantium.

284 3911 408 3981 Denique
426 3911 571 3968 multoties
597 3910 655 3966 eius
674 3911 783 3980 generis
800 3909 990 3968 instrumenta
1017 3929 1089 3982 quae
1109 3913 1145 3968 ad
1164 3930 1213 3968 nos
1231 3915 1423 3982 pervenerunt
1442 3933 1460 3968 a

284 4017 407 4071 quonam
421 3999 633 4070 proficiscantur
651 4016 752 4068 parum
771 4001 897 4070 apparet,
916 3999 945 4053 id
964 4000 1038 4069 quod
1056 4000 1133 4056 cadit
1150 4000 1226 4054 inter
1244 4000 1314 4055 alias
1333 4001 1363 4055 in
1382 4001 1459 4071 leges

283 4087 492 4158 antiquissimas
519 4086 684 4142 Lucerinum
711 4085 947 4158 Spoletinamque.
984 4087 1084 4159 ltaque
1108 4089 1177 4143 haee
1204 4091 1299 4144 omnia
1325 4105 1355 4144 re
1379 4092 1456 4144 certe

287 4176 436 4232 coniuncta
454 4177 506 4231 hoo
523 4175 616 4247 capite
632 4174 771 4245 proposui.
801 4173 955 4230 Potuerunt
974 4176 1041 4229 addi
1060 4176 1152 4232 edicta
1167 4178 1286 4246 Augusti
1304 4178 1338 4232 de
1358 4195 1460 4248 oquae-

283 4263 369 4318 ductu
379 4263 540 4319 Venafrano
551 4263 647 4334 (supra
655 4281 682 4333 p.
695 4263 757 4333 222)
776 4264 804 4317 et
822 4262 913 4331 ipsum
932 4263 1082 4320 conditoris
1101 4267 1193 4334 magis
1211 4265 1271 4320 iure
1284 4265 1459 4335 propositum

283 4367 369 4420 quam
384 4351 517 4422 principis
536 4353 564 4406 et
581 4351 612 4406 L.
632 4349 720 4406 Sentii
738 4349 875 4421 praetoris
894 4351 928 4406 de
946 4368 1044 4422 campo
1062 4353 1205 4423 Esquilino
1226 4355 1322 4423 (supra
1340 4371 1369 4423 p.
1382 4353 1457 4424 171);

283 4438 331 4494 sed
350 4454 383 4493 aa
401 4437 492 4508 magis
511 4439 602 4493 visum
621 4441 663 4495 est
682 4437 745 4493 aliis
763 4437 904 4508 capitibus
923 4439 1086 4510 relinquere.
1120 4441 1170 4494 Tr.
1190 4441 1239 4512 M.]
