3184 5156
621 1201 925 1303 PRAEFATIO

463 1435 773 1503 EDITIONIS
803 1430 1092 1512 celanen.

258 1822 413 1934 Tertiam
435 1868 488 1932 vix
511 1867 676 1932 emiseram
699 1864 794 1930 huius
816 1863 918 1929 libelli
936 1863 1117 1943 editionem,
1142 1886 1214 1930 cum
1228 1885 1311 1929 nova
1325 1863 1359 1926 in

187 1993 297 2057 lucem
320 1992 464 2076 prodiere
492 1992 570 2056 iuris
597 1989 802 2056 monumenta
824 1989 1013 2076 gravissima
1034 1986 1129 2053 haec:
1158 1987 1286 2052 tabulae
1309 2006 1358 2050 ce·

183 2119 277 2180 ratae
299 2113 526 2199 Pompeianae,
556 2135 656 2179 novae
685 2111 814 2177 tabulae
836 2111 1049 2192 Ursonenses,
1081 2112 1132 2176 lex
1154 2110 1276 2175 metalli
1298 2109 1359 2174 Vi·

182 2236 357 2322 pascensis.
402 2235 488 2307 Quae
517 2236 625 2301 libello
660 2235 765 2300 deesse
793 2255 856 2318 quo
878 2233 982 2319 magis
1004 2233 1166 2312 dolebam,
1198 2254 1234 2298 eo
1256 2233 1358 2296 liben-

186 2361 255 2424 tius
287 2359 480 2442 bibliopolae
506 2358 581 2423 cedo
602 2379 718 2422 novam
741 2358 806 2421 iam
828 2377 912 2421 nunc
931 2355 1074 2440 poscenti
1097 2354 1276 2421 editionem.
1320 2353 1358 2419 In

185 2505 254 2567 qua
277 2482 459 2547 adornanda
480 2481 541 2548 hoc
562 2482 702 2565 primum
725 2479 843 2560 curavi,
867 2482 903 2543 ut
925 2478 989 2543 tria
1009 2476 1067 2542 illa
1081 2479 1287 2542 monumenta
1307 2497 1357 2540 re-

82 2653 85 2659 ·
183 2607 385 2690 ciperentur3
409 2603 481 2668 dein
504 2607 536 2668 et
558 2602 621 2668 alia
644 2604 798 2688 quaedam
821 2603 945 2668 minora
968 2607 1000 2668 et
1019 2605 1154 2686 rogante
1169 2600 1270 2665 amico
1293 2599 1356 2664 col·
1399 2613 1405 2622 '

182 2730 262 2813 lega
292 2727 468 2791 orationem
491 2725 615 2790 Claudii
647 2726 685 2791 de
715 2727 784 2793 iure
811 2725 969 2791 honorum
993 2722 1093 2790 Gallis
1124 2723 1227 2788 dando
1249 2721 1356 2788 adieci.

183 2849 301 2916 Cetera
331 2871 396 2913 non
427 2847 567 2928 mutavi,
599 2847 660 2912 nisi
684 2849 768 2933 quod
791 2852 904 2913 cuncta
935 2846 1026 2911 novis
1049 2845 1132 2911 curis
1155 2843 1359 2930 pertractavi,

182 2973 344 3060 praetoris
368 2971 505 3037 edictum
528 2971 705 3036 accuratius
728 2971 849 3057 redegi,
879 2969 1037 3035 Bantinae
1059 2967 1188 3033 tabulae
1210 2967 1358 3051 epicrisin

183 3095 407 3166 Buechelerus
430 3096 580 3161 benevole
603 3094 759 3160 adhibuit.
797 3094 846 3159 De
860 3093 984 3158 ratione
1006 3090 1171 3176 philologa
1186 3110 1271 3154 nunc
1286 3111 1357 3153 cum

182 3220 254 3285 filio
279 3217 374 3287 lvone
398 3218 504 3286 Bruns
526 3216 692 3303 philologo
714 3217 805 3301 potui
827 3216 1010 3281 deliberare.

274 3391 392 3475 Scripsi
415 3391 614 3457 Berolini
637 3413 743 3456 mense
765 3387 896 3455 Octobri
919 3411 948 3454 a.
971 3383 1257 3453 MDOOOLXXIX.

664 3724 872 3737 .-........--.-—
