3194 5154
263 354 305 420 90
576 356 633 412 Lex
651 357 781 415 Cornelia
798 358 834 415 do
851 359 902 416 XX
919 359 1121 431 quaestorrbus.

182 543 217 607 ΙΙ,
229 545 253 599 1.
263 533 354 598 lectei
377 533 529 599 sublectei
550 539 664 616 essent,
688 558 784 621 quam
800 538 834 602 in
849 537 984 623 quisque
999 537 1159 604 decuriam
1170 557 1183 630 ΙΙ
1194 559 1304 604 eorum
1320 565 1359 608 ex
1375 542 1437 608 hac

262 637 333 723 lege
355 638 461 704 viator
481 640 582 706 lectus
605 642 675 706 erit.
721 640 924 728 Sirempsque
947 643 991 708 eis
1011 644 1017 727 Ι
1035 643 1244 728 praeconibus
1268 646 1369 731 deque
1391 646 1437 712 eis

262 744 471 827 praeconibus
497 747 658 829 quaestori
680 747 823 812 omnium
843 745 848 833 Ι
867 769 973 812 rerum
997 748 1068 813 iuus
1089 747 1205 833 lexque
1227 752 1304 830 esto,
1328 751 1438 837 quasei

263 849 308 914 sei
331 849 360 915 ei
382 871 552 933 praecones
574 851 608 915 in
631 874 701 917 eam
720 855 726 934 Ι
745 852 904 919 decuriam
927 853 961 917 in
984 853 1088 918 tribus
1109 855 1318 937 praeconibus
1343 859 1438 921 antea

227 952 354 1028 alectei
384 955 536 1020 sublectei
547 953 560 1025 ΙΙ
580 961 700 1037 essent,
734 979 831 1042 quam
862 958 896 1022 in
919 958 1053 1043 quisque
1076 958 1236 1025 decuriam
1258 982 1367 1026 eorum
1398 982 1438 1026 ex
1475 979 1481 990 ·

262 1058 323 1124 hac
345 1059 415 1145 lege
435 1057 440 1145 Ι
459 1081 574 1145 praeco
594 1061 695 1127 lectus
719 1063 789 1128 erit.
812 1082 860 1128 rx>
878 1061 883 1149 Ι

349 1164 436 1240 Quos
465 1188 625 1252 quomque
646 1173 829 1252 quaestores
858 1191 897 1234 ex
919 1167 989 1254 lege
1010 1168 1152 1251 plebeiae
1174 1169 1253 1234 scito
1275 1169 1432 1257 viatores}

262 1270 367 1356 legere
389 1270 555 1356 sublegere
576 1273 752 1356 oportebit,
785 1273 814 1338 ei
838 1277 1020 1359 quaestores
1043 1295 1080 1338 eo
1102 1274 1171 1338 iure
1193 1296 1230 1339 ea
1252 1273 1323 1360 lege
1342 1271 1348 1362 Ι
1369 1273 1438 1340 via-

263 1380 347 1441 tores
370 1373 435 1442 1111
458 1378 591 1463 legunto
613 1379 815 1465 sublegunto,
839 1400 903 1464 quo
925 1379 993 1444 iure
1017 1400 1080 1464 qua
1102 1380 1173 1465 lege
1189 1377 1434 1466 q(uaestores),lt

210 1481 336 1567 laquei
369 1502 454 1547 nunc
479 1485 571 1564 sunt,
603 1484 741 1549 viatores
772 1481 822 1549 111
843 1484 992 1570 legerunt
1013 1481 1241 1570 sublegcrunt3
1276 1483 1436 1570 quosquei

264 1608 424 1672 quomque
446 1592 629 1672 quaestores
652 1610 691 1653 ex
707 1590 777 1674 lege
792 1589 936 1673 plebeiae
952 1589 1031 1654 scito
1044 1611 1213 1673 praecones
1228 1589 1334 1672 legere
1347 1589 1438 1660 isub-

262 1691 367 1778 legere
390 1692 567 1777 oportebit,
599 1693 628 1758 si
651 1696 832 1778 quaestores
855 1714 891 1758 oo
913 1694 983 1758 iure
1005 1715 1042 1758 ea
1062 1693 1134 1779 lege
1155 1713 1325 1777 praecones
1345 1690 1350 1780 Ι
1370 1691 1436 1758 IIII

262 1798 397 1883 legunto
426 1797 628 1883 sublegunto,
662 1819 725 1883 quo
747 1798 816 1863 iure
839 1820 903 1883 qua
924 1798 995 1884 lege
1018 1801 1211 1883 quaestores,
1235 1798 1308 1882 quei
1327 1802 1333 1878 Ι
1352 1820 1438 1862 nunc

211 1912 251 1966 15.
261 1906 347 1982 sunt,
369 1923 539 1987 praecones
566 1901 615 1968 111
641 1903 788 1989 legerunt
813 1903 1031 1989 sublegerunt,
1055 1903 1131 1968 dum
1154 1903 1189 1967 ni
1205 1903 1367 1988 quemllin
1391 1903 1436 1968 eis

262 2007 440 2072 viatoribus
473 2008 682 2092 praeconibus
705 2009 868 2095 legundeis
891 2009 1115 2095 sublegundeis
1136 2008 1171 2072 in
1193 2008 1260 2073 eius
1280 2012 1285 2090 Ι
1304 2008 1436 2074 viatoris

261 2112 427 2198 praeconis
449 2111 554 2178 locum
577 2113 731 2178 viatorem
754 2134 941 2198 praeconem
962 2113 1072 2198 legant
1090 2109 1096 2198 Ι
1116 2111 1296 2198 sublegunt,
1322 2113 1435 2197 quoius

261 2219 295 2283 in
313 2219 417 2284 locum
439 2240 496 2302 per
511 2219 597 2305 leges
611 2220 754 2305 plebeire
771 2219 851 2284 scita
865 2219 1020 2284 viatorem
1039 2217 1046 2305 Ι
1064 2238 1249 2302 praeconem
1263 2216 1345 2302 logei
1360 2217 1437 2281 sub-

261 2323 327 2409 legi
345 2345 410 2388 non
420 2321 546 2400 licebit3
561 2324 670 2408 itaque
685 2324 723 2389 de
738 2324 783 2388 eis
799 2326 951 2408 quattuor
970 2321 976 2408 Ι
994 2321 1170 2387 viatoribus
1186 2325 1334 2406 quaestor
1348 2321 1438 2405 quei·

209 2447 424 2514 aequomque
445 2429 507 2493 erit
529 2432 666 2493 viatores
688 2427 968 2507 sumitotthabeto,
992 2426 1057 2491 utei
1073 2429 1147 2491 ante
1161 2426 1245 2490 hanc
1260 2426 1363 2511 legem
1386 2448 1437 2492 ro-

262 2538 372 2620 gatam
394 2533 432 2598 de
446 2533 549 2598 tribus
572 2534 746 2599 viatoribus
767 2531 771 2618 Ι
791 2533 930 2598 ueteres
944 2531 1062 2598 habere
1079 2553 1203 2598 sumere
1217 2532 1322 2597 solitei
1339 2535 1436 2611 sunt3

261 2640 371 2724 itaque
393 2638 432 2704 do
453 2639 498 2704 eis
519 2644 671 2723 quattuor
691 2637 922 2726 [praeconibus
946 2640 1096 2723 quaestor
1121 2635 1356 2721 quoiquomque
1373 2639 1434 2703 erit

261 2765 432 2830 praecones
454 2745 572 2810 sumito
591 2743 598 2830 Ι
616 2745 744 2825 habeto,
767 2745 834 2810 utei
854 2747 928 2809 ante
942 2744 1025 2808 hanc
1041 2743 1144 2828 legem
1159 2746 1307 2827 rogatam
1322 2742 1360 2808 de
1375 2745 1435 2808 tri·

262 2850 321 2914 bus
337 2851 545 2934 praeconibus
565 2851 570 2932 Ι
589 2871 758 2935 praecones
780 2849 898 2916 habere
912 2869 1038 2914 sumere
1051 2847 1156 2912 solitei
1170 2850 1255 2914 sunt.
1290 2845 1436 2933 itemque

211 2967 253 3022 25.
263 2954 308 3019 eis
330 2955 532 3042 viatoribus!
551 2954 770 3041 praeconibus,
794 2954 868 3040 quei
890 2977 930 3019 ex
940 2954 1001 3018 hac
1021 2953 1093 3039 lege
1115 2951 1206 3018 lectei
1221 2956 1326 3034 erunt,
1351 2954 1438 3019 uca-

263 3059 347 3124 rium
370 3061 445 3126 dare
464 3057 469 3146 Ι
489 3061 622 3126 subdere
652 3061 702 3125 ius
726 3064 793 3126 esto
815 3060 988 3144 licetoque,
1018 3059 1085 3123 utei
1107 3058 1237 3124 cetereis
1259 3059 1437 3124 viatoribus

263 3164 489 3248 praeconibus,
518 3163 522 3254 Ι
544 3189 607 3251 qua
635 3165 669 3231 in
693 3165 828 3251 quisque
850 3165 977 3230 decuria
998 3167 1056 3244 est,
1088 3163 1242 3228 ricarium
1264 3164 1339 3229 dare
1362 3165 1437 3229 sub·

264 3270 337 3336 dere
358 3271 430 3334 iuus
453 3271 516 3336 erit
534 3274 540 3355 Ι
560 3272 752 3356 licebitqu03
772 3271 915 3355 itemque
936 3267 1147 3354 quassus)
1171 3268 1211 3332 ab
1234 3269 1279 3333 eis
1302 3268 1437 3334 vicarios

264 3374 453 3459 accipiunto,
474 3378 477 3457 Ι
498 3376 565 3441 utei
587 3398 626 3441 aa
648 3377 778 3442 cetereis
799 3375 976 3442 viatoribus
998 3374 1208 3462 praeconibus
1228 3373 1363 3440 vicarios
1386 3395 1438 3439 ac-

212 3491 254 3545 30.
263 3480 345 3563 cipei
365 3481 369 3561 Ι
389 3480 558 3564 oportebit.
581 3498 628 3546 ω
646 3479 652 3566 Ι

352 3583 500 3650 Viatores
521 3607 700 3670 praecones,
724 3586 797 3672 quei
820 3608 859 3650 ex
882 3583 1436 3671 haclegelecteisublecteierunt,1

266 3690 310 3755 eis
341 3689 517 3756 viatoribus
548 3691 756 3776 praeconibus
787 3691 995 3776 magistratus
1026 3710 1123 3775 prove
1150 3710 1235 3774 mag.
1263 3689 1438 3772 [mercedis

264 3795 341 3860 item
372 3795 561 3860 tantundem
593 3796 684 3876 dato,
718 3799 874 3882 quantum
904 3794 933 3859 ei
954 3794 1117 3878 viator(ei)
1137 3790 1142 3880 Ι
1161 3791 1327 3878 praeconei
1350 3793 1437 3857 darei

213 3905 256 3958 35.
265 3903 442 3984 oporteret,
474 3900 519 3966 sei
545 3902 573 3966 is
596 3901 699 3966 viator
729 3901 768 3966 de
789 3901 892 3965 tribus
922 3897 927 3984 Ι
954 3899 1133 3964 viatoribus
1153 3896 1244 3982 isque
1265 3918 1379 3980 praeco
1401 3897 1439 3962 de

265 4005 368 4069 tribus
389 4006 596 4089 praeconibus
620 4010 716 4087 esset,
746 4007 752 4092 Ι
772 4006 845 4090 quei
875 4008 949 4070 ante
970 4005 1054 4069 hanc
1076 4004 1180 4090 legem
1202 4006 1349 4088 rogatam
1373 4003 1439 4068 utei

265 4109 447 4196 legerentur
466 4110 471 4195 Ι
490 4111 649 4177 institutei
672 4117 756 4177 sunt.
779 4129 826 4177 Ν
844 4111 849 4194 Ι

353 4215 439 4292 Quas
461 4216 495 4280 in
510 4217 651 4281 decurias
674 4217 832 4281 viatorum
856 4237 1047 4301 praeconum
1069 4214 1179 4280 consul
1201 4237 1239 4278 ex
1262 4213 1323 4278 hac
1343 4214 1347 4296 Ι
1368 4213 1438 4298 lege

215 4319 403 4391 40.viatores
418 4343 586 4408 praecones
601 4322 726 4408 legerit,
750 4344 885 4412 quorum
900 4321 1058 4390 viatorum
1079 4321 1084 4402 Ι
1103 4340 1294 4410 praeconum
1308 4319 1439 4392 nomina
