<?xml version="1.0" encoding="UTF-8"?>
<!DOCTYPE html PUBLIC "-//W3C//DTD XHTML 1.0 Transitional//EN"
    "http://www.w3.org/TR/xhtml1/DTD/xhtml1-transitional.dtd">
<html xmlns="http://www.w3.org/1999/xhtml" xml:lang="en" lang="en">
 <head>
  <title>
</title>
<meta http-equiv="Content-Type" content="text/html;charset=utf-8" />
  <meta name='ocr-system' content='tesseract 3.04.00' />
  <meta name='ocr-capabilities' content='ocr_page ocr_carea ocr_par ocr_line ocrx_word'/>
</head>
<body>
  <div class='ocr_page' id='page_1' title='image "./fontesiurisroma00mommgoog_0015.png"; bbox 0 0 3184 5156; ppageno 0'>
   <div class='ocr_carea' id='block_1_1' title="bbox 507 1215 995 1304">
    <p class='ocr_par' dir='ltr' id='par_1_1' title="bbox 507 1215 995 1304">
     <span class='ocr_line' id='line_1_1' title="bbox 507 1215 995 1304; baseline -0.004 0"><span class='ocrx_word' id='word_1_1' title='bbox 507 1216 793 1304; x_wconf 69' lang='lat' dir='ltr'>conspicius</span> <span class='ocrx_word' id='word_1_2' title='bbox 821 1215 995 1302; x_wconf 80' lang='lat' dir='ltr'><strong>OPERIS.</strong></span> 
     </span>
    </p>
   </div>
   <div class='ocr_carea' id='block_1_2' title="bbox 383 1391 1120 1516">
    <p class='ocr_par' dir='ltr' id='par_1_2' title="bbox 383 1391 1120 1516">
     <span class='ocr_line' id='line_1_2' title="bbox 384 1391 1120 1444; baseline -0.005 -9"><span class='ocrx_word' id='word_1_3' title='bbox 384 1394 515 1444; x_wconf 78' lang='lat' dir='ltr'>(Asterisco</span> <span class='ocrx_word' id='word_1_4' title='bbox 529 1404 589 1442; x_wconf 85' lang='lat' dir='ltr'>quac</span> <span class='ocrx_word' id='word_1_5' title='bbox 603 1394 718 1432; x_wconf 79' lang='lat' dir='ltr'>notantur</span> <span class='ocrx_word' id='word_1_6' title='bbox 730 1391 927 1441; x_wconf 71' lang='lat' dir='ltr'>inscriptionibus</span> <span class='ocrx_word' id='word_1_7' title='bbox 940 1393 1030 1434; x_wconf 79' lang='lat' dir='ltr'>tradita</span> <span class='ocrx_word' id='word_1_8' title='bbox 1044 1394 1120 1440; x_wconf 85' lang='lat' dir='ltr'>sunt.)</span> 
     </span>
     <span class='ocr_line' id='line_1_3' title="bbox 383 1461 1109 1516; baseline -0.01 -10"><span class='ocrx_word' id='word_1_9' title='bbox 383 1466 465 1516; x_wconf 83' lang='lat' dir='ltr'>(Ornos</span> <span class='ocrx_word' id='word_1_10' title='bbox 478 1461 538 1514; x_wconf 85' lang='lat' dir='ltr'>qu&#39;ae</span> <span class='ocrx_word' id='word_1_11' title='bbox 552 1464 678 1514; x_wconf 74' lang='lat' dir='ltr'>signantur</span> <span class='ocrx_word' id='word_1_12' title='bbox 692 1462 836 1512; x_wconf 75' lang='lat' dir='ltr'>aptioribus</span> <span class='ocrx_word' id='word_1_13' title='bbox 850 1463 994 1504; x_wconf 71' lang='lat' dir='ltr'><strong>editionibus</strong></span> <span class='ocrx_word' id='word_1_14' title='bbox 1007 1462 1109 1510; x_wconf 78' lang='lat' dir='ltr'>absunt.)</span> 
     </span>
    </p>
   </div>
   <div class='ocr_carea' id='block_1_3' title="bbox 576 1583 917 1651">
    <p class='ocr_par' dir='ltr' id='par_1_3' title="bbox 576 1583 917 1651">
     <span class='ocr_line' id='line_1_4' title="bbox 576 1583 917 1651; baseline -0.003 0"><span class='ocrx_word' id='word_1_15' title='bbox 576 1583 714 1651; x_wconf 84' lang='lat' dir='ltr'><strong>PARS</strong></span> <span class='ocrx_word' id='word_1_16' title='bbox 734 1583 917 1650; x_wconf 83' lang='lat' dir='ltr'><strong>PRIMA.</strong></span> 
     </span>
    </p>
   </div>
   <div class='ocr_carea' id='block_1_4' title="bbox 152 1917 1337 4530">
    <p class='ocr_par' dir='ltr' id='par_1_4' title="bbox 152 1917 1337 4530">
     <span class='ocr_line' id='line_1_5' title="bbox 155 1917 519 1993; baseline -0.014 -16"><span class='ocrx_word' id='word_1_17' title='bbox 155 1924 230 1993; x_wconf 84' lang='lat' dir='ltr'>Cap.</span> <span class='ocrx_word' id='word_1_18' title='bbox 249 1923 271 1976; x_wconf 89' lang='lat' dir='ltr'>I.</span> <span class='ocrx_word' id='word_1_19' title='bbox 319 1920 405 1990; x_wconf 85' lang='lat' dir='ltr'>Leges</span> <span class='ocrx_word' id='word_1_20' title='bbox 423 1917 519 1988; x_wconf 78' lang='lat' dir='ltr'>regiae</span> 
     </span>
     <span class='ocr_line' id='line_1_6' title="bbox 152 2006 655 2080; baseline -0.014 -14"><span class='ocrx_word' id='word_1_21' title='bbox 152 2011 226 2080; x_wconf 80' lang='lat' dir='ltr'>Cap.</span> <span class='ocrx_word' id='word_1_22' title='bbox 245 2008 282 2064; x_wconf 92' lang='grc' dir='ltr'><strong>ΙΙ.</strong></span> <span class='ocrx_word' id='word_1_23' title='bbox 314 2007 401 2077; x_wconf 81' lang='lat' dir='ltr'>Leges</span> <span class='ocrx_word' id='word_1_24' title='bbox 419 2006 472 2060; x_wconf 87' lang='lat' dir='ltr'>XII</span> <span class='ocrx_word' id='word_1_25' title='bbox 490 2006 655 2061; x_wconf 88' lang='lat' dir='ltr'>tabularum</span> 
     </span>
     <span class='ocr_line' id='line_1_7' title="bbox 390 2093 674 2150; baseline -0.004 -2"><span class='ocrx_word' id='word_1_26' title='bbox 390 2093 501 2149; x_wconf 86' lang='lat' dir='ltr'>Tabula</span> <span class='ocrx_word' id='word_1_27' title='bbox 520 2095 674 2150; x_wconf 80' lang='lat' dir='ltr'>fastorum*</span> 
     </span>
     <span class='ocr_line' id='line_1_8' title="bbox 155 2181 1200 2254; baseline -0.004 -14"><span class='ocrx_word' id='word_1_28' title='bbox 155 2186 230 2254; x_wconf 84' lang='lat' dir='ltr'>Cap.</span> <span class='ocrx_word' id='word_1_29' title='bbox 250 2183 300 2238; x_wconf 94' lang='lat' dir='ltr'><strong>III.</strong></span> <span class='ocrx_word' id='word_1_30' title='bbox 320 2182 407 2252; x_wconf 82' lang='lat' dir='ltr'>Leges</span> <span class='ocrx_word' id='word_1_31' title='bbox 425 2181 555 2252; x_wconf 88' lang='lat' dir='ltr'>publicae</span> <span class='ocrx_word' id='word_1_32' title='bbox 572 2181 671 2252; x_wconf 85' lang='lat' dir='ltr'>populi</span> <span class='ocrx_word' id='word_1_33' title='bbox 688 2181 810 2238; x_wconf 88' lang='lat' dir='ltr'>Romani</span> <span class='ocrx_word' id='word_1_34' title='bbox 829 2185 892 2253; x_wconf 89' lang='lat' dir='ltr'>post</span> <span class='ocrx_word' id='word_1_35' title='bbox 911 2183 964 2237; x_wconf 85' lang='lat' dir='ltr'>XII</span> <span class='ocrx_word' id='word_1_36' title='bbox 982 2184 1095 2238; x_wconf 87' lang='lat' dir='ltr'>tabulas</span> <span class='ocrx_word' id='word_1_37' title='bbox 1113 2185 1200 2239; x_wconf 89' lang='lat' dir='ltr'>latae.</span> 
     </span>
     <span class='ocr_line' id='line_1_9' title="bbox 340 2267 1334 2327; baseline 0.003 -4"><span class='ocrx_word' id='word_1_38' title='bbox 340 2271 365 2323; x_wconf 92' lang='lat'>1.</span> <span class='ocrx_word' id='word_1_39' title='bbox 393 2267 449 2323; x_wconf 88' lang='lat' dir='ltr'>Lex</span> <span class='ocrx_word' id='word_1_40' title='bbox 466 2267 608 2324; x_wconf 84' lang='lat' dir='ltr'>Plaetoria</span> <span class='ocrx_word' id='word_1_41' title='bbox 625 2268 660 2323; x_wconf 97' lang='lat' dir='ltr'>de</span> <span class='ocrx_word' id='word_1_42' title='bbox 677 2267 869 2324; x_wconf 87' lang='lat' dir='ltr'>iurisdictione</span> <span class='ocrx_word' id='word_1_43' title='bbox 905 2310 1228 2327; x_wconf 91' lang='grc'><strong>.....</strong></span> <span class='ocrx_word' id='word_1_44' title='bbox 1299 2272 1334 2327; x_wconf 98' lang='grc'>43</span> 
     </span>
     <span class='ocr_line' id='line_1_10' title="bbox 341 2353 754 2424; baseline 0.005 -16"><span class='ocrx_word' id='word_1_45' title='bbox 341 2355 366 2410; x_wconf 92' lang='grc'><strong>2.</strong></span> <span class='ocrx_word' id='word_1_46' title='bbox 392 2355 448 2409; x_wconf 85' lang='lat' dir='ltr'>Lex</span> <span class='ocrx_word' id='word_1_47' title='bbox 465 2354 580 2424; x_wconf 84' lang='lat' dir='ltr'>Aquilia</span> <span class='ocrx_word' id='word_1_48' title='bbox 598 2353 633 2410; x_wconf 90' lang='lat' dir='ltr'>de</span> <span class='ocrx_word' id='word_1_49' title='bbox 651 2353 754 2410; x_wconf 87' lang='lat' dir='ltr'>damno</span> 
     </span>
     <span class='ocr_line' id='line_1_11' title="bbox 341 2442 1335 2512; baseline 0.001 -14"><span class='ocrx_word' id='word_1_50' title='bbox 341 2445 365 2498; x_wconf 90' lang='lat'>3.</span> <span class='ocrx_word' id='word_1_51' title='bbox 392 2443 448 2498; x_wconf 88' lang='lat' dir='ltr'>Lex</span> <span class='ocrx_word' id='word_1_52' title='bbox 467 2442 537 2497; x_wconf 86' lang='lat' dir='ltr'>Silia</span> <span class='ocrx_word' id='word_1_53' title='bbox 554 2442 589 2497; x_wconf 93' lang='lat' dir='ltr'>de</span> <span class='ocrx_word' id='word_1_54' title='bbox 608 2442 777 2512; x_wconf 84' lang='lat' dir='ltr'>ponderibus</span> <span class='ocrx_word' id='word_1_55' title='bbox 796 2442 917 2512; x_wconf 90' lang='lat' dir='ltr'>publicis</span> <span class='ocrx_word' id='word_1_56' title='bbox 988 2483 995 2497; x_wconf 93' lang='lat'><strong>.</strong></span> <span class='ocrx_word' id='word_1_57' title='bbox 1068 2484 1074 2497; x_wconf 95' lang='lat'><strong>.</strong></span> <span class='ocrx_word' id='word_1_58' title='bbox 1144 2485 1151 2499; x_wconf 93' lang='lat'><strong>.</strong></span> <span class='ocrx_word' id='word_1_59' title='bbox 1223 2485 1230 2498; x_wconf 94' lang='lat'><strong>.</strong></span> <span class='ocrx_word' id='word_1_60' title='bbox 1300 2446 1335 2499; x_wconf 90' lang='grc'>44</span> 
     </span>
     <span class='ocr_line' id='line_1_12' title="bbox 340 2530 1334 2601; baseline 0.001 -16"><span class='ocrx_word' id='word_1_61' title='bbox 340 2532 364 2586; x_wconf 89' lang='grc'>4.</span> <span class='ocrx_word' id='word_1_62' title='bbox 393 2531 450 2586; x_wconf 87' lang='lat' dir='ltr'>Lex</span> <span class='ocrx_word' id='word_1_63' title='bbox 468 2530 583 2601; x_wconf 88' lang='lat' dir='ltr'>Papiria</span> <span class='ocrx_word' id='word_1_64' title='bbox 602 2531 635 2586; x_wconf 89' lang='lat' dir='ltr'>de</span> <span class='ocrx_word' id='word_1_65' title='bbox 653 2530 837 2586; x_wconf 86' lang='lat' dir='ltr'>sacramentis</span> <span class='ocrx_word' id='word_1_66' title='bbox 1300 2532 1334 2586; x_wconf 89' lang='grc'><strong>45</strong></span> 
     </span>
     <span class='ocr_line' id='line_1_13' title="bbox 339 2616 1335 2674; baseline 0.002 -2"><span class='ocrx_word' id='word_1_67' title='bbox 339 2621 361 2672; x_wconf 86' lang='grc'>5.</span> <span class='ocrx_word' id='word_1_68' title='bbox 390 2618 446 2673; x_wconf 87' lang='lat' dir='ltr'>Lex</span> <span class='ocrx_word' id='word_1_69' title='bbox 464 2616 560 2674; x_wconf 76' lang='lat' dir='ltr'>Cincin</span> <span class='ocrx_word' id='word_1_70' title='bbox 579 2619 614 2673; x_wconf 89' lang='lat' dir='ltr'>de</span> <span class='ocrx_word' id='word_1_71' title='bbox 631 2617 830 2674; x_wconf 76' lang='lat' dir='ltr'><strong>donationibus</strong></span> <span class='ocrx_word' id='word_1_72' title='bbox 1300 2620 1335 2674; x_wconf 89' lang='grc'>45</span> 
     </span>
     <span class='ocr_line' id='line_1_14' title="bbox 336 2703 1335 2775; baseline 0 -14"><span class='ocrx_word' id='word_1_73' title='bbox 336 2707 361 2761; x_wconf 91' lang='grc'>6.</span> <span class='ocrx_word' id='word_1_74' title='bbox 390 2706 447 2760; x_wconf 86' lang='lat' dir='ltr'>Lex</span> <span class='ocrx_word' id='word_1_75' title='bbox 467 2704 565 2759; x_wconf 88' lang='lat' dir='ltr'>Atinia</span> <span class='ocrx_word' id='word_1_76' title='bbox 583 2704 618 2759; x_wconf 88' lang='lat' dir='ltr'>de</span> <span class='ocrx_word' id='word_1_77' title='bbox 636 2703 805 2775; x_wconf 75' lang='lat' dir='ltr'>usucapione</span> <span class='ocrx_word' id='word_1_78' title='bbox 826 2746 1228 2761; x_wconf 92' lang='grc'><strong>......</strong></span> <span class='ocrx_word' id='word_1_79' title='bbox 1301 2709 1335 2762; x_wconf 80' lang='grc'><strong>45</strong></span> 
     </span>
     <span class='ocr_line' id='line_1_15' title="bbox 339 2790 1336 2861; baseline 0.004 -15"><span class='ocrx_word' id='word_1_80' title='bbox 339 2795 363 2846; x_wconf 83' lang='grc'><strong>7.</strong></span> <span class='ocrx_word' id='word_1_81' title='bbox 392 2792 448 2846; x_wconf 88' lang='lat' dir='ltr'>Lex</span> <span class='ocrx_word' id='word_1_82' title='bbox 466 2791 590 2861; x_wconf 82' lang='lat' dir='ltr'>Sulpicia</span> <span class='ocrx_word' id='word_1_83' title='bbox 609 2790 738 2846; x_wconf 75' lang='lat' dir='ltr'><strong>rivalicia</strong></span> <span class='ocrx_word' id='word_1_84' title='bbox 910 2821 914 2826; x_wconf 92' lang='lat'><em>·</em></span> <span class='ocrx_word' id='word_1_85' title='bbox 1301 2796 1336 2850; x_wconf 82' lang='lat'>46</span> 
     </span>
     <span class='ocr_line' id='line_1_16' title="bbox 339 2877 1335 2936; baseline 0.001 -2"><span class='ocrx_word' id='word_1_86' title='bbox 339 2881 362 2934; x_wconf 88' lang='grc'>8.</span> <span class='ocrx_word' id='word_1_87' title='bbox 393 2879 450 2934; x_wconf 89' lang='lat' dir='ltr'>Lex</span> <span class='ocrx_word' id='word_1_88' title='bbox 472 2878 542 2934; x_wconf 89' lang='lat' dir='ltr'>Osca</span> <span class='ocrx_word' id='word_1_89' title='bbox 559 2879 675 2933; x_wconf 87' lang='lat' dir='ltr'>tabulas</span> <span class='ocrx_word' id='word_1_90' title='bbox 693 2877 850 2935; x_wconf 82' lang='lat' dir='ltr'>Bantinas*</span> <span class='ocrx_word' id='word_1_91' title='bbox 1301 2881 1335 2936; x_wconf 88' lang='grc'>46</span> 
     </span>
     <span class='ocr_line' id='line_1_17' title="bbox 339 2965 1333 3025; baseline 0.001 -3"><span class='ocrx_word' id='word_1_92' title='bbox 339 2970 363 3022; x_wconf 88' lang='grc'>9.</span> <span class='ocrx_word' id='word_1_93' title='bbox 393 2967 448 3022; x_wconf 85' lang='lat' dir='ltr'>Lex</span> <span class='ocrx_word' id='word_1_94' title='bbox 466 2965 570 3020; x_wconf 92' lang='lat' dir='ltr'>Latina</span> <span class='ocrx_word' id='word_1_95' title='bbox 589 2966 706 3021; x_wconf 85' lang='lat' dir='ltr'>tabulae</span> <span class='ocrx_word' id='word_1_96' title='bbox 724 2965 880 3024; x_wconf 77' lang='lat' dir='ltr'>Bautinae*</span> <span class='ocrx_word' id='word_1_97' title='bbox 911 3008 1230 3025; x_wconf 87' lang='grc'><strong>.....</strong></span> <span class='ocrx_word' id='word_1_98' title='bbox 1303 2971 1333 3023; x_wconf 91' lang='grc'>51</span> 
     </span>
     <span class='ocr_line' id='line_1_18' title="bbox 324 3053 1336 3123; baseline 0.001 -13"><span class='ocrx_word' id='word_1_99' title='bbox 324 3057 365 3112; x_wconf 87' lang='grc'>16.</span> <span class='ocrx_word' id='word_1_100' title='bbox 391 3055 447 3111; x_wconf 87' lang='lat' dir='ltr'>Lex</span> <span class='ocrx_word' id='word_1_101' title='bbox 465 3055 556 3108; x_wconf 79' lang='lat' dir='ltr'>Acilia</span> <span class='ocrx_word' id='word_1_102' title='bbox 573 3053 810 3123; x_wconf 70' lang='lat' dir='ltr'>repetundarum*</span> <span class='ocrx_word' id='word_1_103' title='bbox 1302 3057 1336 3112; x_wconf 87' lang='grc'><strong>53</strong></span> 
     </span>
     <span class='ocr_line' id='line_1_19' title="bbox 323 3141 1336 3212; baseline -0.003 -14"><span class='ocrx_word' id='word_1_104' title='bbox 323 3145 363 3199; x_wconf 91' lang='grc'>11.</span> <span class='ocrx_word' id='word_1_105' title='bbox 391 3142 447 3198; x_wconf 88' lang='lat' dir='ltr'>Lex</span> <span class='ocrx_word' id='word_1_106' title='bbox 465 3141 595 3212; x_wconf 78' lang='lat' dir='ltr'>agraria*</span> <span class='ocrx_word' id='word_1_107' title='bbox 1303 3143 1336 3196; x_wconf 81' lang='lat'>72</span> 
     </span>
     <span class='ocr_line' id='line_1_20' title="bbox 322 3229 1335 3300; baseline -0.001 -15"><span class='ocrx_word' id='word_1_108' title='bbox 322 3231 362 3288; x_wconf 88' lang='grc'>12.</span> <span class='ocrx_word' id='word_1_109' title='bbox 391 3231 447 3286; x_wconf 90' lang='lat' dir='ltr'>Lex</span> <span class='ocrx_word' id='word_1_110' title='bbox 465 3229 594 3287; x_wconf 76' lang='lat' dir='ltr'>Cornelia</span> <span class='ocrx_word' id='word_1_111' title='bbox 612 3231 647 3286; x_wconf 88' lang='lat' dir='ltr'>de</span> <span class='ocrx_word' id='word_1_112' title='bbox 665 3230 715 3283; x_wconf 88' lang='lat' dir='ltr'>XX</span> <span class='ocrx_word' id='word_1_113' title='bbox 734 3233 944 3300; x_wconf 72' lang='lat' dir='ltr'>quaestoribus*</span> <span class='ocrx_word' id='word_1_114' title='bbox 987 3275 994 3290; x_wconf 88' lang='lat'><strong>.</strong></span> <span class='ocrx_word' id='word_1_115' title='bbox 1064 3273 1072 3288; x_wconf 82' lang='lat'><strong>.</strong></span> <span class='ocrx_word' id='word_1_116' title='bbox 1144 3274 1151 3289; x_wconf 93' lang='lat'><strong>.</strong></span> <span class='ocrx_word' id='word_1_117' title='bbox 1221 3271 1228 3285; x_wconf 91' lang='lat'><strong>.</strong></span> <span class='ocrx_word' id='word_1_118' title='bbox 1301 3231 1335 3284; x_wconf 83' lang='lat'>88</span> 
     </span>
     <span class='ocr_line' id='line_1_21' title="bbox 323 3317 1334 3377; baseline -0.001 -4"><span class='ocrx_word' id='word_1_119' title='bbox 323 3321 362 3376; x_wconf 88' lang='lat'>13.</span> <span class='ocrx_word' id='word_1_120' title='bbox 392 3319 448 3374; x_wconf 87' lang='lat' dir='ltr'>Lex</span> <span class='ocrx_word' id='word_1_121' title='bbox 466 3317 595 3374; x_wconf 83' lang='lat' dir='ltr'>Cornelia</span> <span class='ocrx_word' id='word_1_122' title='bbox 613 3318 648 3374; x_wconf 92' lang='lat' dir='ltr'>de</span> <span class='ocrx_word' id='word_1_123' title='bbox 665 3317 773 3374; x_wconf 84' lang='lat' dir='ltr'>sicariis</span> <span class='ocrx_word' id='word_1_124' title='bbox 790 3322 820 3375; x_wconf 91' lang='lat' dir='ltr'>et</span> <span class='ocrx_word' id='word_1_125' title='bbox 838 3321 966 3377; x_wconf 85' lang='lat' dir='ltr'>veneficis</span> <span class='ocrx_word' id='word_1_126' title='bbox 1065 3362 1071 3375; x_wconf 91' lang='lat'><strong>.</strong></span> <span class='ocrx_word' id='word_1_127' title='bbox 1144 3361 1151 3377; x_wconf 93' lang='lat'><strong>.</strong></span> <span class='ocrx_word' id='word_1_128' title='bbox 1222 3358 1228 3372; x_wconf 90' lang='lat'><strong>.</strong></span> <span class='ocrx_word' id='word_1_129' title='bbox 1300 3320 1334 3373; x_wconf 88' lang='grc'>91</span> 
     </span>
     <span class='ocr_line' id='line_1_22' title="bbox 323 3405 1334 3468; baseline -0.002 -6"><span class='ocrx_word' id='word_1_130' title='bbox 323 3408 364 3462; x_wconf 91' lang='grc'>14.</span> <span class='ocrx_word' id='word_1_131' title='bbox 391 3407 448 3463; x_wconf 89' lang='lat' dir='ltr'>Lex</span> <span class='ocrx_word' id='word_1_132' title='bbox 465 3405 591 3461; x_wconf 79' lang='lat' dir='ltr'>Antonia</span> <span class='ocrx_word' id='word_1_133' title='bbox 608 3405 643 3460; x_wconf 88' lang='lat' dir='ltr'>de</span> <span class='ocrx_word' id='word_1_134' title='bbox 660 3405 863 3463; x_wconf 77' lang='lat' dir='ltr'>Termessibus⁸</span> <span class='ocrx_word' id='word_1_135' title='bbox 907 3448 1231 3468; x_wconf 83' lang='grc'><strong>.....</strong></span> <span class='ocrx_word' id='word_1_136' title='bbox 1302 3407 1334 3461; x_wconf 89' lang='grc'>91</span> 
     </span>
     <span class='ocr_line' id='line_1_23' title="bbox 321 3481 1232 3569; baseline 0 -17"><span class='ocrx_word' id='word_1_137' title='bbox 321 3497 362 3552; x_wconf 91' lang='grc'>15.</span> <span class='ocrx_word' id='word_1_138' title='bbox 382 3481 446 3551; x_wconf 87' lang='lat' dir='ltr'>Lex</span> <span class='ocrx_word' id='word_1_139' title='bbox 474 3493 602 3549; x_wconf 84' lang='lat' dir='ltr'>Mamilia</span> <span class='ocrx_word' id='word_1_140' title='bbox 628 3493 727 3550; x_wconf 84' lang='lat' dir='ltr'>Roscia</span> <span class='ocrx_word' id='word_1_141' title='bbox 749 3494 895 3552; x_wconf 89' lang='lat' dir='ltr'>Peducaea</span> <span class='ocrx_word' id='word_1_142' title='bbox 921 3495 1035 3552; x_wconf 79' lang='lat' dir='ltr'>Alliena</span> <span class='ocrx_word' id='word_1_143' title='bbox 1058 3497 1148 3552; x_wconf 84' lang='lat' dir='ltr'>Fabia</span> <span class='ocrx_word' id='word_1_144' title='bbox 1174 3498 1232 3569; x_wconf 89' lang='lat' dir='ltr'>[vel</span> 
     </span>
     <span class='ocr_line' id='line_1_24' title="bbox 392 3579 725 3652; baseline 0 -17"><span class='ocrx_word' id='word_1_145' title='bbox 392 3581 486 3652; x_wconf 83' lang='lat' dir='ltr'>potius</span> <span class='ocrx_word' id='word_1_146' title='bbox 504 3580 578 3636; x_wconf 86' lang='lat' dir='ltr'>Iulia</span> <span class='ocrx_word' id='word_1_147' title='bbox 597 3579 725 3651; x_wconf 82' lang='lat' dir='ltr'>agraria]</span> 
     </span>
     <span class='ocr_line' id='line_1_25' title="bbox 322 3667 1229 3740; baseline -0.001 -14"><span class='ocrx_word' id='word_1_148' title='bbox 322 3672 363 3726; x_wconf 91' lang='grc'>16.</span> <span class='ocrx_word' id='word_1_149' title='bbox 390 3668 447 3726; x_wconf 86' lang='lat' dir='ltr'>Lex</span> <span class='ocrx_word' id='word_1_150' title='bbox 465 3667 572 3722; x_wconf 87' lang='lat' dir='ltr'>Rubria</span> <span class='ocrx_word' id='word_1_151' title='bbox 590 3667 625 3722; x_wconf 88' lang='lat' dir='ltr'>de</span> <span class='ocrx_word' id='word_1_152' title='bbox 642 3667 738 3724; x_wconf 82' lang='lat' dir='ltr'>Gallia</span> <span class='ocrx_word' id='word_1_153' title='bbox 757 3667 916 3740; x_wconf 76' lang='lat' dir='ltr'>Cisalpina*</span> <span class='ocrx_word' id='word_1_154' title='bbox 987 3709 993 3722; x_wconf 97' lang='lat'><strong>.</strong></span> <span class='ocrx_word' id='word_1_155' title='bbox 1066 3711 1073 3727; x_wconf 93' lang='lat'><strong>.</strong></span> <span class='ocrx_word' id='word_1_156' title='bbox 1145 3714 1152 3728; x_wconf 91' lang='lat'><strong>.</strong></span> <span class='ocrx_word' id='word_1_157' title='bbox 1223 3710 1229 3725; x_wconf 96' lang='lat'><strong>.</strong></span> 
     </span>
     <span class='ocr_line' id='line_1_26' title="bbox 304 3755 1337 3828; baseline -0.001 -15"><span class='ocrx_word' id='word_1_158' title='bbox 304 3759 367 3828; x_wconf 82' lang='lat'><strong>†17.</strong></span> <span class='ocrx_word' id='word_1_159' title='bbox 395 3756 477 3826; x_wconf 76' lang='lat' dir='ltr'>Legis</span> <span class='ocrx_word' id='word_1_160' title='bbox 495 3755 614 3811; x_wconf 82' lang='lat' dir='ltr'>fortasse</span> <span class='ocrx_word' id='word_1_161' title='bbox 632 3755 755 3811; x_wconf 79' lang='lat' dir='ltr'>eiusdem</span> <span class='ocrx_word' id='word_1_162' title='bbox 773 3755 967 3827; x_wconf 77' lang='lat' dir='ltr'>fragmentum</span> <span class='ocrx_word' id='word_1_163' title='bbox 984 3757 1164 3814; x_wconf 71' lang='lat' dir='ltr'>Atestinum¹</span> <span class='ocrx_word' id='word_1_164' title='bbox 1222 3760 1233 3814; x_wconf 75' lang='grc'>.“</span> <span class='ocrx_word' id='word_1_165' title='bbox 1286 3755 1337 3812; x_wconf 88' lang='grc'>100</span> 
     </span>
     <span class='ocr_line' id='line_1_27' title="bbox 324 3841 752 3912; baseline -0.005 -12"><span class='ocrx_word' id='word_1_166' title='bbox 324 3845 365 3900; x_wconf 87' lang='grc'>18.</span> <span class='ocrx_word' id='word_1_167' title='bbox 392 3843 449 3899; x_wconf 88' lang='lat' dir='ltr'>Lex</span> <span class='ocrx_word' id='word_1_168' title='bbox 466 3841 541 3897; x_wconf 84' lang='lat' dir='ltr'>iulia</span> <span class='ocrx_word' id='word_1_169' title='bbox 559 3841 752 3912; x_wconf 74' lang='lat' dir='ltr'>municipalis*</span> 
     </span>
     <span class='ocr_line' id='line_1_28' title="bbox 327 3927 595 3989; baseline -0.011 -3"><span class='ocrx_word' id='word_1_170' title='bbox 327 3932 368 3989; x_wconf 84' lang='lat'>19.</span> <span class='ocrx_word' id='word_1_171' title='bbox 394 3931 451 3987; x_wconf 90' lang='lat' dir='ltr'>Lex</span> <span class='ocrx_word' id='word_1_172' title='bbox 467 3927 595 3984; x_wconf 76' lang='lat' dir='ltr'>Falcidia</span> 
     </span>
     <span class='ocr_line' id='line_1_29' title="bbox 324 4017 1230 4091; baseline 0 -18"><span class='ocrx_word' id='word_1_173' title='bbox 324 4019 367 4076; x_wconf 90' lang='lat'>20.</span> <span class='ocrx_word' id='word_1_174' title='bbox 395 4019 451 4075; x_wconf 92' lang='lat' dir='ltr'>Lex</span> <span class='ocrx_word' id='word_1_175' title='bbox 470 4017 543 4072; x_wconf 87' lang='lat' dir='ltr'>Iulia</span> <span class='ocrx_word' id='word_1_176' title='bbox 561 4017 596 4072; x_wconf 91' lang='lat' dir='ltr'>de</span> <span class='ocrx_word' id='word_1_177' title='bbox 613 4018 641 4073; x_wconf 83' lang='lat' dir='ltr'>vi</span> <span class='ocrx_word' id='word_1_178' title='bbox 661 4020 775 4089; x_wconf 90' lang='lat' dir='ltr'>publica</span> <span class='ocrx_word' id='word_1_179' title='bbox 794 4021 823 4075; x_wconf 89' lang='lat' dir='ltr'>et</span> <span class='ocrx_word' id='word_1_180' title='bbox 841 4019 955 4091; x_wconf 85' lang='lat' dir='ltr'>privata</span> <span class='ocrx_word' id='word_1_181' title='bbox 991 4062 998 4078; x_wconf 90' lang='lat'><strong>.</strong></span> <span class='ocrx_word' id='word_1_182' title='bbox 1069 4062 1076 4078; x_wconf 91' lang='lat'><strong>.</strong></span> <span class='ocrx_word' id='word_1_183' title='bbox 1146 4066 1151 4079; x_wconf 92' lang='lat'><strong>.</strong></span> <span class='ocrx_word' id='word_1_184' title='bbox 1223 4057 1230 4073; x_wconf 94' lang='lat'><strong>.</strong></span> 
     </span>
     <span class='ocr_line' id='line_1_30' title="bbox 324 4103 1337 4165; baseline -0.004 -3"><span class='ocrx_word' id='word_1_185' title='bbox 324 4109 366 4164; x_wconf 88' lang='lat'>21.</span> <span class='ocrx_word' id='word_1_186' title='bbox 396 4108 453 4163; x_wconf 93' lang='lat' dir='ltr'>Lex</span> <span class='ocrx_word' id='word_1_187' title='bbox 469 4106 543 4162; x_wconf 88' lang='lat' dir='ltr'>Iulia</span> <span class='ocrx_word' id='word_1_188' title='bbox 561 4107 596 4162; x_wconf 90' lang='lat' dir='ltr'>dc</span> <span class='ocrx_word' id='word_1_189' title='bbox 614 4107 762 4163; x_wconf 74' lang='lat' dir='ltr'>adulteriis</span> <span class='ocrx_word' id='word_1_190' title='bbox 832 4146 1232 4165; x_wconf 87' lang='grc'><strong>......</strong></span> <span class='ocrx_word' id='word_1_191' title='bbox 1287 4103 1337 4160; x_wconf 91' lang='grc'>111</span> 
     </span>
     <span class='ocr_line' id='line_1_31' title="bbox 324 4193 1337 4266; baseline 0 -16"><span class='ocrx_word' id='word_1_192' title='bbox 324 4196 367 4253; x_wconf 89' lang='grc'><strong>22.</strong></span> <span class='ocrx_word' id='word_1_193' title='bbox 392 4194 450 4250; x_wconf 88' lang='lat' dir='ltr'>Lex</span> <span class='ocrx_word' id='word_1_194' title='bbox 469 4193 600 4260; x_wconf 82' lang='lat' dir='ltr'>Quinctia</span> <span class='ocrx_word' id='word_1_195' title='bbox 618 4193 652 4249; x_wconf 92' lang='lat' dir='ltr'>de</span> <span class='ocrx_word' id='word_1_196' title='bbox 670 4195 894 4266; x_wconf 77' lang='lat' dir='ltr'>aquaeductibus</span> <span class='ocrx_word' id='word_1_197' title='bbox 913 4235 1232 4254; x_wconf 89' lang='grc'><strong>.....</strong></span> <span class='ocrx_word' id='word_1_198' title='bbox 1287 4195 1337 4250; x_wconf 90' lang='grc'>112</span> 
     </span>
     <span class='ocr_line' id='line_1_32' title="bbox 327 4281 1336 4354; baseline -0.002 -16"><span class='ocrx_word' id='word_1_199' title='bbox 327 4283 368 4338; x_wconf 88' lang='grc'><strong>23.</strong></span> <span class='ocrx_word' id='word_1_200' title='bbox 396 4282 453 4338; x_wconf 86' lang='lat' dir='ltr'>Lex</span> <span class='ocrx_word' id='word_1_201' title='bbox 470 4281 545 4336; x_wconf 87' lang='lat' dir='ltr'>Iulia</span> <span class='ocrx_word' id='word_1_202' title='bbox 563 4282 592 4337; x_wconf 94' lang='lat' dir='ltr'>et</span> <span class='ocrx_word' id='word_1_203' title='bbox 610 4281 699 4352; x_wconf 89' lang='lat' dir='ltr'>Papia</span> <span class='ocrx_word' id='word_1_204' title='bbox 713 4284 844 4354; x_wconf 87' lang='lat' dir='ltr'>Poppaea</span> <span class='ocrx_word' id='word_1_205' title='bbox 914 4323 1232 4348; x_wconf 86' lang='grc'><strong>.....</strong></span> <span class='ocrx_word' id='word_1_206' title='bbox 1287 4282 1336 4338; x_wconf 81' lang='grc'>114</span> 
     </span>
     <span class='ocr_line' id='line_1_33' title="bbox 323 4368 1336 4428; baseline -0.001 -4"><span class='ocrx_word' id='word_1_207' title='bbox 323 4369 366 4424; x_wconf 86' lang='grc'><strong>24.</strong></span> <span class='ocrx_word' id='word_1_208' title='bbox 393 4369 449 4426; x_wconf 86' lang='lat' dir='ltr'>Lex</span> <span class='ocrx_word' id='word_1_209' title='bbox 465 4368 548 4424; x_wconf 88' lang='lat' dir='ltr'>Iunia</span> <span class='ocrx_word' id='word_1_210' title='bbox 567 4369 684 4425; x_wconf 89' lang='lat' dir='ltr'>Vellaea</span> <span class='ocrx_word' id='word_1_211' title='bbox 755 4409 1231 4428; x_wconf 91' lang='grc'><strong>.......</strong></span> <span class='ocrx_word' id='word_1_212' title='bbox 1286 4368 1336 4423; x_wconf 90' lang='grc'>115</span> 
     </span>
     <span class='ocr_line' id='line_1_34' title="bbox 324 4455 1335 4530; baseline 0 -19"><span class='ocrx_word' id='word_1_213' title='bbox 324 4457 366 4511; x_wconf 90' lang='grc'>25.</span> <span class='ocrx_word' id='word_1_214' title='bbox 395 4456 505 4514; x_wconf 86' lang='lat' dir='ltr'>Minora</span> <span class='ocrx_word' id='word_1_215' title='bbox 522 4455 618 4526; x_wconf 83' lang='lat' dir='ltr'>legum</span> <span class='ocrx_word' id='word_1_216' title='bbox 635 4455 806 4514; x_wconf 81' lang='lat' dir='ltr'>incertarum</span> <span class='ocrx_word' id='word_1_217' title='bbox 823 4455 1004 4530; x_wconf 74' lang='lat' dir='ltr'>fragmenta*</span> <span class='ocrx_word' id='word_1_218' title='bbox 1065 4495 1072 4511; x_wconf 94' lang='lat'><strong>.</strong></span> <span class='ocrx_word' id='word_1_219' title='bbox 1144 4497 1151 4515; x_wconf 89' lang='lat'><strong>.</strong></span> <span class='ocrx_word' id='word_1_220' title='bbox 1223 4495 1229 4511; x_wconf 92' lang='lat'><strong>.</strong></span> <span class='ocrx_word' id='word_1_221' title='bbox 1285 4457 1335 4518; x_wconf 80' lang='lat'>116</span> 
     </span>
    </p>
   </div>
   <div class='ocr_carea' id='block_1_5' title="bbox 0 0 1596 5156">
    <p class='ocr_par' dir='ltr' id='par_1_5' title="bbox 0 0 1596 5156">
     <span class='ocr_line' id='line_1_35' title="bbox 0 0 1596 5156; baseline 0 0"><span class='ocrx_word' id='word_1_222' title='bbox 0 0 1596 5156; x_wconf 95' lang='lat' dir='ltr'> </span> 
     </span>
    </p>
   </div>
  </div>
 </body>
</html>
