3190 5148
691 344 832 400 Asconius.
1278 349 1341 414 393

169 523 329 609 publicam
352 523 542 588 videbantur
557 545 631 587 esse.
655 559 699 568 -
721 521 799 586 Post
814 521 884 586 sex¹
901 521 1012 587 deinde
1027 545 1137 600 annos,
1153 545 1250 607 quam
1264 525 1341 588 sub·

169 631 236 694 lata
252 632 352 708 erant,
369 627 404 693 P.
417 627 544 692 Clodius
561 629 636 692 trib.
652 628 695 712 pl.
712 627 781 712 lege
798 627 864 690 lata
879 626 1020 692 restituit
1035 625 1178 712 collegia.
1203 627 1243 708 (7
1253 659 1284 681 =
1299 631 1342 711 6.)

257 735 274 818 ἓ
299 736 328 798 9.
374 734 520 799 Diximus
543 733 577 799 L.
593 733 707 798 Pisone
729 729 788 796 A!
813 731 948 797 Gabinio
971 728 1050 800 oos⁸
1075 729 1109 795 P.
1137 731 1281 797 Clodium
1304 737 1344 797 tr.

170 841 213 925 pl.
245 843 396 924 quattuor
426 840 511 924 leges
540 838 732 922 perniciosas
761 839 879 922 populo
899 837 1043 903 Romano
1067 837 1191 903 tulisse:
1215 876 1254 884 -
1279 842 1346 904 ter·

170 947 249 1011 tiam
281 945 319 1010 de
342 945 483 1030 collegiis
514 945 716 1009 restituendis
744 943 896 1024 novisque
920 942 1158 1018 instituendis⁴;
1182 979 1222 990 -
1248 965 1347 1028 quar·

171 1055 248 1130 tam,
271 1072 311 1115 ne
333 1072 428 1135 quem
449 1071 592 1114 censores
616 1048 650 1112 in
666 1054 778 1114 senatu
793 1048 927 1134 legendo
941 1048 1165 1132 praeterirent⁶
1188 1071 1346 1134 noveque

172 1155 349 1240 ignominia
371 1155 553 1235 afficerent,
587 1155 649 1220 nisi
672 1156 727 1239 qui
750 1155 834 1239 apud
856 1177 908 1218 eos
936 1157 1099 1218 accusatus
1122 1157 1154 1218 et
1179 1155 1346 1239 utriusque

173 1260 309 1326 censoris
341 1261 500 1324 sententia
530 1260 697 1324 damnatus
727 1263 826 1334 osset;
858 1258 918 1323 hac
950 1280 1026 1344 ergo
1048 1260 1114 1324 eius
1137 1260 1206 1344 lege
1236 1282 1346 1324 censu·

172 1389 259 1446 ram,
293 1387 373 1451 quae
395 1365 551 1450 magistra
584 1364 713 1450 pudoris
741 1369 774 1430 et
796 1364 968 1429 modestiae
991 1367 1056 1443 est,
1089 1365 1248 1430 sublatam
1271 1365 1343 1429 ain.

172 1470 210 1554 (9
229 1502 261 1524 =
283 1472 325 1555 ⁷·)

264 1575 281 1659 ἕ
305 1575 357 1641 94.
403 1574 519 1660 Legem
543 1575 740 1640 iudiciariam
763 1612 804 1624 -
827 1574 904 1639 tulit
925 1573 959 1640 L.
976 1572 1125 1638 Aurelius
1142 1572 1236 1639 Cotta
1250 1596 1343 1658 prae-

173 1680 249 1760 tor⁷,
274 1702 337 1765 qua
362 1679 594 1744 communicata
615 1683 690 1744 sunt
712 1679 828 1744 iudicia
850 1679 974 1744 senatui
993 1682 1026 1744 et
1049 1679 1208 1763 equitibus
1228 1676 1347 1744 Roma-

175 1787 224 1850 nis
248 1789 279 1850 et
301 1784 438 1849 tribunis
463 1785 600 1850 aerariis.
652 1782 774 1850 Rursus
797 1784 907 1850 deinde
932 1783 1102 1868 Pompeius
1124 1783 1159 1848 in
1181 1784 1346 1848 consulatu

174 1889 327 1956 secundo⁸
351 1927 392 1936 —
420 1891 644 1976 promulgavit,
668 1895 706 1955 ut
731 1891 926 1975 amplissimo
953 1913 992 1954 ex
1018 1911 1113 1954 censu
1135 1912 1173 1954 ex
1195 1889 1345 1955 centuriis

176 1996 268 2060 aliter
299 1999 394 2080 atque
424 1999 517 2060 antea
547 1994 622 2061 lecti
652 1997 788 2076 iudices,
822 2017 921 2080 aeque
951 2000 1058 2059 tamen
1089 2017 1127 2058 ex
1149 1994 1212 2058 illis
1243 1995 1345 2059 tribus

176 2101 350 2180 ordinibus,
373 2123 423 2166 res
445 2101 631 2167 iudicarent.
677 2101 738 2184 (16
752 2130 784 2154 =
802 2101 870 2180 15.)

615 2294 643 2348 Β.
672 2292 697 2347 ln
716 2290 906 2347 scantianam.

266 2418 294 2481 1.
330 2415 385 2481 On,
409 2416 569 2482 Domitius
594 2453 632 2462 w
658 2416 741 2481 diem
764 2415 793 2480 ei
816 2412 961 2502 (Scauro)
985 2415 1066 2480 dixit
1089 2415 1173 2498 apud
1194 2416 1349 2499 populum

177 2526 210 2588 et
232 2522 367 2587 multam
389 2523 563 2608 irrogavit,
594 2522 678 2606 quod
706 2521 773 2588 eius
796 2544 892 2606 opera
914 2543 1003 2586 sacra
1024 2520 1127 2584 multa
1149 2520 1259 2604 populi
1282 2519 1348 2585 Ro-

178 2627 265 2691 mani
296 2628 459 2692 deminuta
488 2650 555 2693 esse
581 2628 707 2693 diceret.
753 2627 887 2693 Crimini
909 2626 1006 2692 dabat
1029 2647 1118 2690 sacra
1139 2624 1268 2708 publica
1290 2648 1348 2709 po·

176 2732 246 2817 puli
268 2732 404 2797 Romani
427 2734 519 2797 deum
542 2733 726 2814 Penatium,
758 2757 838 2819 quae
860 2732 973 2798 Lavini
996 2731 1134 2810 fierent⁹,
1165 2753 1260 2815 opera
1282 2732 1348 2796 eius

177 2838 281 2902 minus
305 2843 388 2903 recte
411 2842 557 2922 casteque
579 2839 657 2905 fieri.
703 2839 772 2917 Quo
794 2839 926 2904 crimine
949 2837 1114 2902 absolutus
1141 2840 1189 2900 est
1212 2835 1347 2900 Scaurus

178 2943 316 3027 quidem,
340 2943 393 3007 sed
415 2943 471 3022 ita,
492 2947 529 3008 ut
552 2945 688 3009 atribus
709 2945 856 3009 tribubus
873 2944 1085 3020 damnaretur,
1109 2939 1268 3005 aXXXlI
1291 2942 1348 3004 ab·

174 3048 361 3125 solveretur,
387 3051 418 3112 et
440 3048 474 3111 in
496 3046 581 3112 his¹⁰
605 3071 705 3132 pauca
727 3053 846 3133 puncta
868 3049 951 3113 inter
974 3046 1209 3111 damnationem
1233 3050 1265 3111 et
1287 3046 1345 3109 ab·

178 3153 368 3218 solutionem
390 3152 587 3218 interessent.
634 3153 830 3238 (21=18.)

617 3342 645 3399 t.
671 3343 696 3397 ln
715 3342 913 3399 cornelianam.

273 3468 350 3552 Aru.
385 3467 455 3534 O.¹¹
478 3468 653 3548 Cornelius,
673 3505 717 3517 -
740 3467 887 3533 tribunus
910 3465 1044 3552 plebis¹⁹
1068 3504 1109 3513 -
1133 3463 1349 3550 promulgavit

178 3574 299 3658 legem,
334 3597 396 3658 qua
427 3573 708 3658 [anctoritatem¹³]
741 3576 868 3637 senatus
898 3571 1078 3650 minuebat,
1110 3569 1227 3654 nequi
1251 3567 1347 3632 nisi¹⁴

262 3730 288 3800 1)
306 3732 345 3785 sic
364 3731 472 3798 Rinkes,
491 3749 592 3787 nonem
610 3731 679 3784 lotor.
707 3760 740 3769 -
765 3729 791 3799 2)
811 3730 854 3800 Α.)
875 3731 904 3784 et
923 3729 991 3784 labri.
1011 3759 1044 3767 -
1063 3729 1089 3799 3)
1107 3745 1133 3782 a.
1151 3745 1177 3783 a,
1197 3745 1218 3782 c.
1237 3729 1295 3781 696,
1317 3754 1349 3766 ι·-

179 3820 207 3888 4)
229 3819 281 3873 Cic.
300 3821 330 3872 io
343 3818 398 3874 Pa.
417 3823 474 3887 4,9.·
493 3818 611 3888 collegia
629 3835 685 3873 non
703 3834 737 3872 ea
755 3817 854 3879 solum,
871 3833 943 3886 quae
961 3817 1073 3871 senatus
1092 3815 1250 3878 sustulerat,
1269 3813 1349 3867 resti-

178 3907 257 3969 tuta,
286 3906 334 3960 sed
354 3905 571 3961 innumerabilia
595 3904 733 3974 quaedam
757 3921 832 3959 nova
850 3921 882 3958 ex
903 3904 979 3959 omni
997 3903 1072 3957 faece
1090 3903 1166 3956 urbis
1185 3920 1218 3956 ao
1236 3900 1348 3956 servitio

177 3993 328 4048 concitata.
356 3992 401 4046 De
419 3999 532 4062 tempore
549 3995 629 4048 huius
647 3995 710 4062 leuet
726 4011 749 4048 a.
764 3993 820 4047 Mo.
839 3993 871 4046 de
883 3993 942 4047 coll.
961 3994 1072 4046 73-78.
1091 4021 1125 4030 -
1145 3991 1171 4061 5)
1192 3991 1233 4055 Of.
1252 3989 1349 4044 Festus

178 4078 337 4134 Praeteriti.
364 4108 398 4118 -
425 4079 451 4150 6)
470 4079 530 4133 adit
548 4081 588 4134 uel
607 4079 687 4134 addit
705 4081 775 4134 lori.
802 4110 833 4118 —
865 4081 889 4139 7)
908 4097 932 4134 a.
953 4082 1011 4133 684.
1039 4109 1075 4116 -
1101 4077 1127 4147 8)
1146 4095 1171 4132 α.
1191 4079 1250 4131 699.
1268 4108 1302 4117 -
1321 4077 1349 4143 9)

179 4169 294 4222 fuerunt
312 4167 383 4221 libri.
413 4199 441 4206 ψ
475 4166 516 4236 10)
534 4166 573 4220 eis
592 4167 660 4221 labri.
689 4197 721 4206 -
751 4167 794 4238 11)
814 4166 842 4221 G.
861 4183 911 4220 om.
925 4167 994 4221 labri.
1015 4197 1046 4206 -
1068 4167 1109 4236 12)
1127 4183 1152 4219 a.
1172 4168 1230 4220 687.
1251 4197 1284 4203 —
1306 4164 1348 4234 13)

181 4255 381 4311 auctoritatem
408 4271 457 4310 om.
475 4256 505 4308 ab
521 4254 599 4308 brata
625 4271 657 4308 aa
675 4255 750 4309 labris
768 4271 834 4323 quos
852 4255 976 4308 babemus
994 4255 1109 4322 optimus
1126 4253 1280 4321 videturque
1296 4270 1349 4307 esse

178 4359 211 4396 erc
228 4343 414 4411 supplemento,
441 4343 592 4410 etreliqua
610 4359 712 4411 qaoque
729 4344 803 4396 intra
819 4359 901 4396 uncos
916 4342 1061 4411 caudatos
1075 4342 1175 4413 posito,
1205 4339 1237 4396 de
1255 4341 1350 4410 quibus

176 4430 246 4485 nibil
263 4429 415 4485 abactor.
436 4459 469 4469 κ-
490 4430 531 4498 14)
549 4431 596 4500 qui
615 4430 657 4486 uis
674 4431 715 4485 oet
731 4428 780 4499 qui
803 4429 876 4482 uisui
894 4430 963 4485 labri.
