3190 5148
267 351 330 414 414
619 329 620 335 ἵ
751 342 969 416 Agrimensorcs.

353 523 516 608 Mancipes
540 527 647 588 autem
671 523 727 607 qui
749 526 894 587 emerunt
915 522 985 607 lege
1007 522 1092 588 diota
1114 524 1163 589 ius
1178 526 1354 610 vectigalis,
1376 529 1441 613 ipsi

266 650 323 711 per
355 628 513 692 centurias
544 628 729 692 locaverunt
762 632 817 691 aut
846 628 1055 693 vendiderunt
1084 632 1238 712 proximis
1261 634 1442 718 quibusque

267 733 510 816 possessoribus.
556 731 594 797 In
617 733 667 796 his
690 733 791 817 igitur
814 733 899 818 agris
920 734 1073 818 quaedam
1090 734 1159 799 loca
1174 742 1306 820 propter
1322 739 1442 822 asperi·

268 842 368 903 tatem
392 842 448 902 aut
471 837 673 902 sterilitatem
697 859 769 920 non,
784 839 974 902 invenerunt
997 843 1170 922 emptores;
1194 841 1303 926 itaque
1324 843 1357 906 in
1374 842 1444 908 for·

267 945 327 1008 mis
352 944 494 1008 locorum
517 944 591 1006 talis
616 927 852 1028 adscriptioid
875 948 923 1008 est
947 945 991 1008 ‘in
1006 945 1135 1009 modum
1157 949 1441 1029 conpascuae',

189 1059 247 1112 117.
266 1048 437 1133 aliquando
452 1048 538 1114 facta
553 1053 611 1127 est,
634 1052 666 1112 et
690 1052 825 1113 ‘tantum
849 1047 1074 1135 conlpasouae'3
1101 1072 1181 1134 quae
1192 1051 1388 1135 pertinerent
1403 1054 1446 1118 ad

266 1154 427 1238 proximos
444 1175 586 1238 quosque
602 1174 806 1236 possessores,
822 1153 878 1237 qui
893 1154 931 1217 ad
947 1176 985 1218 ea
1000 1154 1167 1240 attingunt
1178 1155 1294 1221 finibus
1308 1159 1384 1222 suis.
1399 1196 1440 1204 -

277 1303 279 1307 -
353 1258 499 1323 Divisi
531 1263 569 1323 et
599 1258 825 1342 adsignati
855 1260 926 1344 agri
949 1263 1040 1339 sunt,
1074 1260 1129 1344 qui
1151 1261 1308 1326 veteranis
1330 1262 1443 1328 aliisve

267 1365 410 1447 personis
444 1385 501 1446 per
523 1363 681 1428 centurias
714 1369 800 1429 certo
824 1364 917 1430 modo
940 1365 1099 1450 adscripto
1122 1369 1178 1430 aut
1200 1367 1266 1431 dati
1289 1371 1365 1432 sunt
1387 1373 1446 1434 aut

270 1468 395 1546 redditi,
420 1469 528 1553 quive¹
555 1470 715 1534 veteribus
737 1470 970 1552 possessoribus
992 1469 1158 1534 redditi
1181 1475 1444 1537 commutati·

269 1595 348 1656 que
371 1595 430 1656 pro
453 1574 518 1637 suis
541 1573 643 1638 sunt².
688 1574 733 1638 Hi
756 1574 827 1659 egri
849 1574 935 1660 leges
958 1574 1117 1659 accipiunt
1140 1576 1180 1639 ab
1199 1575 1259 1655 his,
1283 1577 1338 1661 qui
1354 1580 1444 1642 vete-

269 1699 362 1742 ranos
385 1678 555 1758 deducunt,
578 1682 610 1743 et
632 1679 679 1743 ita
700 1679 864 1764 propriam
887 1679 1140 1746 observationem
1162 1702 1270 1746 corum
1292 1681 1343 1748 lex
1366 1681 1445 1747 data

268 1785 421 1865 praestat.

500 1961 529 2024 2.
565 1958 619 2025 Dc
648 1959 965 2026 controversiis
998 1981 1209 2045 agrorum.

720 2101 865 2157 Frontinus
885 2101 953 2155 tiber
972 2100 989 2154 Ι.

236 2217 260 2270 9.
356 2206 510 2271 Materiae
532 2205 818 2270 controversiarum
841 2209 916 2271 sunt
938 2206 1028 2286 duee,
1051 2205 1124 2271 finis
1143 2209 1175 2272 et
1189 2205 1296 2283 locus3
1319 2240 1363 2251 -
1385 2226 1445 2291 ge·

269 2333 347 2375 nera
368 2315 444 2375 sunt
465 2309 753 2376 controversiarum
775 2309 873 2376 XV2⁸

220 2426 260 2479 10.
358 2414 405 2500 (1)
436 2415 492 2480 De
514 2415 735 2499 positione
758 2415 1032 2480 terminorum
1053 2415 1268 2480 controversia
1290 2417 1338 2479 est
1359 2414 1446 2479 inter

271 2521 348 2585 duos
371 2519 517 2605 pluresve
539 2520 680 2597 vicinos3
704 2520 788 2584 inter
810 2520 898 2598 duos,
922 2541 962 2584 an
986 2519 1092 2604 rigore
1114 2520 1157 2585 sit
1179 2523 1354 2586 ceterorum
1377 2519 1445 2583 sive

270 2624 437 2704 rationis⁴;
453 2627 537 2690 inter
552 2627 669 2709 plures,
685 2625 841 2690 trifinium
856 2624 953 2689 faciat
969 2646 1010 2689 en
1026 2623 1261 2709 quadrifinium.
1279 2661 1321 2670 -
1336 2622 1440 2688 Rue.

270 2732 309 2796 A.
329 2735 376 2796 70.

219 2848 259 2900 11.
357 2836 405 2919 (2)
439 2835 487 2900 De
509 2836 546 2900 ri
553 2835 672 2921 gore⁶
695 2836 909 2900 controversia
932 2839 980 2900 est
1001 2871 1059 2913 -,
1092 2833 1237 2919 quotiens
1259 2833 1343 2898 inter
1365 2832 1445 2898 duos

343 3027 366 3095 1)
384 3026 484 3097 quibus
503 3027 572 3080 labri.
594 3057 622 3065 -
645 3026 671 3096 2)
693 3026 775 3080 Sicut.
784 3028 872 3092 155‚4:
891 3027 1042 3094 captus-
1060 3041 1127 3092 ager
1140 3040 1172 3077 ex
1185 3024 1265 3078 hoste
1277 3023 1375 3079 victori
1388 3023 1441 3076 mi·

270 3115 315 3169 liti
334 3116 521 3182 veteranoque
540 3115 582 3167 est
601 3113 767 3182 adsignatus
787 3145 828 3166 -.
864 3111 922 3165 Nec
939 3114 1036 3166 tamen
1055 3111 1182 3166 omnibus
1203 3111 1326 3180 personis
1349 3111 1442 3166 ablati

270 3205 336 3256 sunt
349 3202 424 3270 agri;
443 3218 509 3255 nam
528 3201 703 3269 quorundam
721 3200 846 3268 dignitas
867 3201 917 3253 aut
929 3199 1026 3268 gratie
1044 3201 1094 3252 aut
1107 3197 1232 3252 amicitia
1244 3197 1378 3254 victorem
1390 3198 1441 3252 du·

273 3307 332 3345 cem
352 3289 448 3352 movit,
468 3289 557 3343 uteie
576 3288 611 3356 (ei
625 3288 693 3346 cod)
713 3288 874 3343 concederet
893 3303 975 3355 agros
993 3304 1070 3356 suos;
1089 3317 1120 3326 —
1140 3285 1334 3356 inscriptiones
1345 3286 1444 3355 itaque

269 3378 300 3432 in
314 3377 445 3431 centuriis
464 3379 529 3430 sunt
547 3376 632 3430 tales:
651 3407 682 3415 -
703 3375 893 3444 ‘adsignatum
911 3373 954 3429 ilti
966 3373 1101 3428 tantum':
1120 3373 1184 3428 inde
1195 3372 1383 3442 subscriptum
1400 3375 1444 3427 est

269 3480 370 3519 nomen
389 3463 433 3517 cui
451 3480 609 3518 concessum
627 3464 678 3530 est,
696 3460 876 3531 inscriptione
895 3461 963 3516 tali:
983 3460 1133 3515 ‘redditum
1145 3460 1190 3514 illi
1202 3459 1342 3525 tantum’3
1361 3477 1445 3530 prac-

270 3553 348 3604 terea
367 3549 501 3620 scriptum
522 3552 565 3604 est
582 3552 625 3605 et:
645 3548 798 3604 ‘redditum
816 3550 845 3602 ct
864 3549 1066 3604 commutatum
1085 3565 1136 3617 pro
1154 3546 1220 3610 suo',
1239 3548 1313 3616 quod
1327 3546 1389 3602 ideo
1401 3547 1445 3611 fit,

269 3637 401 3706 quoniam
428 3638 583 3706 particulas
613 3637 751 3706 quasdam
779 3653 911 3704 agrorum
939 3635 969 3689 in
988 3634 1104 3688 diversis
1133 3634 1200 3690 locis
1224 3635 1360 3689 habentes
1378 3633 1443 3698 duo,

270 3723 370 3792 quibus
392 3724 454 3792 agri
472 3724 676 3788 reddebantur,
702 3729 734 3778 ut
755 3725 917 3780 continuam
936 3723 1136 3794 possessionem
1155 3722 1304 3786 haberent,
1331 3721 1445 3778 modum

269 3828 320 3880 pro
338 3811 420 3866 modo
437 3810 563 3876 (modum
581 3813 655 3880 labri)
676 3812 827 3867 secundum
845 3812 1002 3867 bonitatem
1021 3811 1171 3872 taxabant,
1190 3812 1218 3864 ct
1232 3810 1262 3862 in
1274 3808 1366 3864 locum
1378 3809 1445 3876 eius,

270 3897 343 3966 quod
367 3898 397 3952 in
416 3899 525 3954 diverso
544 3901 619 3962 erat,
647 3901 781 3955 maiorem
799 3902 908 3969 partem
928 3899 1043 3969 accepit.
1081 3899 1122 3968 Of.
1142 3898 1201 3952 Lex
1218 3914 1275 3968 apr.
1292 3900 1337 3952 80.
1364 3928 1398 3937 —
1418 3899 1446 3967 3)

270 3985 424 4040 Frontinus
450 4003 539 4040 omues
565 3987 614 4040 tos
642 3991 834 4042 coeamus
860 3988 900 4041 dis
924 3993 1037 4055 tanat,
1066 3987 1134 4041 libro
1152 3986 1173 4040 I
1193 3987 1266 4040 breui
1284 3985 1445 4053 definimus,

271 4073 339 4127 tetro
362 4074 396 4127 11
414 4076 580 4128 comestore
603 4073 797 4142 disputatione,
822 4091 902 4142 quam
920 4073 1059 4142 Apronius
1074 4073 1166 4142 fusius
1183 4073 1291 4140 repetit;
1317 4071 1447 4140 Hypium
1586 4069 1588 4150 t

270 4175 316 4214 secr
334 4166 438 4214 tantum
456 4162 694 4215 controuersiosam
709 4162 940 4230 peaeraecplicct.
969 4159 1447 4230 ansuuctorcsaduaumquomquc
1587 4153 1588 4230 t

271 4250 476 4302 controversiam
493 4249 627 4304 adnotari.
645 4278 681 4286 -
698 4247 725 4318 4)
745 4247 863 4304 rationis
881 4249 921 4303 ecl
941 4247 1064 4304 rationes
1084 4248 1154 4315 liba,
1173 4248 1283 4303 ratione
1295 4248 1318 4300 si
1331 4246 1445 4302 Lacbm.
1586 4233 1588 4294 i

271 4363 302 4372 -—
318 4335 346 4402 t)
363 4334 442 4388 Baro.
453 4337 529 4402 98,6.·
548 4336 624 4404 rigor
638 4339 688 4401 est,
705 4337 842 4407 quidquid
861 4337 991 4393 interduo
1010 4337 1092 4406 signa
1107 4337 1195 4391 veluti
1215 4336 1270 4406 (uel
1284 4337 1348 4390 ldm'
1360 4337 1444 4405 ptem'-
1586 4301 1588 4384 i

271 4425 332 4490 quc)
351 4421 381 4475 in
395 4422 507 4477 modum
520 4421 612 4478 lineae
625 4426 730 4478 rectum
741 4423 908 4494 perspicitur
921 4424 1115 4494 (praespicitur
1126 4425 1167 4478 oet
1179 4423 1347 4494 prospicitur
1359 4425 1445 4494 tibn').
1586 4395 1588 4542 ἓ

1574 4863 1588 5117 t
