3190 5148
553 379 660 437 Nonius
678 380 835 436 Marcellus.
1214 385 1279 452 389

105 561 191 626 losce
221 561 317 626 boves
349 583 441 626 sanos
473 583 555 641 esse,
588 561 742 646 noxisque
775 559 940 644 [solutos1]
971 562 1128 645 praestari
1136 564 1173 640 ?’;
1208 585 1280 628 cum

109 665 245 730 emimus
269 665 450 745 indomitos,
474 667 534 730 sic:
559 665 681 731 ‘Illosce
702 666 851 731 iuvencos
874 689 967 732 sanos
988 671 1081 746 recte,
1105 667 1204 752 deque
1225 691 1279 752 pe-

109 793 183 835 core
206 794 285 836 sano
307 793 383 851 esse,
407 772 560 857 noxisque
583 771 747 856 [solutos1]
770 772 926 855 praestari
942 773 1148 856 spondesneP’
1180 771 1280 838 Paulo

111 875 276 957 verbosius
300 877 387 955 haec,
410 877 466 961 qui
487 873 629 940 Manilii²
653 877 792 942 actiones
814 877 1017 962 sequuntur³.

198 981 249 1060 10,
273 981 302 1045 4.
348 979 386 1045 In
402 981 615 1065 emptionibus
638 979 828 1067 (servorum)
851 982 1014 1046 dominum
1030 981 1209 1066 legitimum
1225 1004 1279 1047 sex

109 1085 177 1150 fere
207 1107 256 1150 res
285 1085 470 1169 perficiunt:
505 1086 532 1149 si
554 1085 762 1151 hereditatem
789 1087 907 1151 iustam
931 1086 1025 1161 adiit;
1061 1085 1088 1149 si
1109 1088 1147 1149 ut
1169 1087 1279 1151 debuit

108 1190 270 1274 mancipio
293 1190 333 1254 ab
356 1212 393 1254 eo
416 1191 546 1275 accepit,
570 1213 589 1254 a
612 1213 675 1275 quo
698 1191 767 1256 iure
789 1191 876 1256 civili
897 1191 1020 1275 potuit3
1044 1194 1099 1254 aut
1120 1190 1196 1254 siin
1211 1192 1279 1256 iure

107 1295 203 1360 cessit
227 1295 282 1379 qui
303 1292 426 1379 potuit‘
449 1295 556 1360 cedere
578 1300 610 1360 et
632 1296 664 1360 id
686 1297 743 1360 ubi
765 1295 941 1381 oportuit⁶3
971 1301 1026 1361 aut
1048 1297 1076 1361 si
1099 1319 1157 1361 usu
1179 1297 1277 1381 cepit;

106 1404 163 1465 aut
187 1401 216 1464 si
237 1423 255 1464 e
276 1401 393 1484 praeda
424 1401 482 1466 sub
506 1423 622 1466 corona
644 1403 738 1479 emit,
771 1406 879 1466 tumve
902 1424 973 1466 cum
995 1402 1029 1465 in
1051 1400 1142 1465 bonis
1165 1401 1278 1466 sectio-

107 1527 187 1570 neve
210 1505 298 1570 cuius
321 1505 446 1589 publice
469 1506 577 1570 veniit.
624 1508 651 1571 5.
676 1506 714 1571 ln
729 1508 844 1572 horum
866 1507 1024 1591 emptione
1039 1505 1120 1570 solet
1134 1507 1277 1571 accedere

105 1609 266 1694 peculium
289 1615 344 1675 aut
367 1611 477 1696 excipi,
501 1615 533 1676 et
548 1612 713 1696 stipulatio
735 1611 927 1676 intercedere
947 1611 1076 1676 sanum⁶
1100 1632 1167 1675 esse
1181 1609 1277 1675 furtis

107 1715 263 1798 noxisque
286 1716 436 1796 solutum,
469 1719 525 1780 aut
548 1716 575 1780 si
600 1717 758 1802 mancipio
780 1739 845 1781 non
871 1717 975 1796 datur,
998 1717 1096 1801 dupla
1120 1717 1276 1800 promitti,

106 1823 173 1899 aut,
197 1819 225 1884 si
247 1820 294 1885 ita
315 1821 411 1905 pacti,
434 1821 557 1906 simpla.

417 2064 475 2131 ΙΠ.
506 2065 672 2133 Neurus
693 2065 962 2134 MARCELLUS.

104 2204 295 2270 Elibris
327 2207 373 2271 de
399 2205 699 2290 compendiosa
730 2206 931 2270 doctrina
959 2227 1032 2289 per
1061 2205 1273 2270 litteras.⁷

103 2343 299 2424 Accensi,
327 2345 382 2430 qui
408 2344 458 2408 his
483 2343 716 2426 (decurionibus
738 2347 770 2408 et
793 2343 1043 2428 centurionibus)
1068 2345 1275 2410 accenseban-

103 2453 168 2529 tur,
199 2451 232 2514 id
262 2454 309 2514 est
332 2449 603 2515 adtribuebantur.
640 2448 744 2514 Varro
767 2451 804 2515 de
830 2451 897 2514 vita
919 2449 1030 2534 populi
1056 2448 1194 2514 Romani
1216 2475 1275 2517 -2

104 2556 170 2639 ‘qui
198 2556 236 2620 de
259 2555 466 2640 adscriptivis,
489 2577 561 2620 cum
581 2560 671 2620 erant
697 2554 846 2620 attributi
869 2554 1088 2620 decurionibus
1111 2559 1144 2620 et
1165 2560 1275 2620 centu-

102 2660 248 2724 rionibus
271 2661 327 2746 qui
349 2683 456 2725 eorum
471 2659 591 2726 habent
606 2683 772 2725 numerum
796 2660 917 2726 accensi
939 2660 1154 2728 vocabantur’.
1198 2665 1274 2726 356.

102 2801 145 2810 -ν
164 2764 295 2829 Accensi
311 2787 411 2850 genus
427 2765 559 2830 militiae
575 2771 622 2831 est
638 2765 934 2857 administrantibus
950 2767 1139 2850 proximum.
1170 2766 1274 2831 Varro

103 2870 334 2935 rhetoricorum
359 2869 402 2954 (?)
432 2870 513 2934 libro
536 2869 613 2934 XX:
649 2874 703 2950 ‘ut,
734 2870 876 2934 consules
899 2893 935 2934 ac
956 2875 1116 2954 praetores
1148 2872 1203 2957 qui
1225 2894 1274 2937 se-

103 2979 222 3042 cuntur
242 2975 276 3038 iu
299 2979 417 3055 castra,
445 2975 566 3040 accensi
589 2976 674 3056 dicti,
698 2977 781 3060 quod
804 2975 843 3040 ad
865 2977 1054 3041 necessarias
1078 2999 1127 3040 res
1149 2978 1273 3060 saepius

105 3079 278 3159 acciantur,
300 3081 388 3145 velut
402 3081 565 3146 accersiti'.
597 3103 675 3165 quos
697 3103 781 3145 nunc
804 3081 936 3146 dicimus
959 3081 1110 3164 deputati.
1157 3087 1207 3145 41.

103 3185 134 3248 A
146 3207 267 3248 rcere
289 3185 467 3268 plaustrum
490 3191 537 3251 est
551 3186 714 3266 rusticum,
736 3190 856 3251 tectum
871 3186 1009 3271 undique
1025 3187 1115 3270 quasi
1131 3209 1213 3251 arca.
1230 3223 1271 3233 —

103 3289 175 3354 Hoc
198 3294 303 3354 autem
326 3291 463 3355 vehiculi
485 3313 599 3376 genere
614 3314 701 3356 senes
719 3295 749 3356 et
765 3292 888 3376 aegroti
903 3291 1022 3356 vectari
1038 3292 1149 3355 solent.
1177 3292 1247 3356 38.8

10 3449 11 3452 η
103 3394 303 3460 calvitur
325 3396 444 3460 dictum
463 3401 511 3461 est
525 3397 709 3475 frustratur,
732 3400 870 3460 tractum
885 3420 904 3461 a
918 3396 1014 3461 calvis
1030 3397 1172 3474 mimicis,
1189 3398 1272 3481 quod

10 3587 11 3590 Ἴ
103 3502 169 3566 sint
192 3502 338 3566 omnibus
360 3502 538 3566 frustratui.
564 3539 603 3548 -
627 3499 765 3565 Lucilius
787 3523 847 3565 —:
876 3502 914 3566 ‘si
936 3523 1001 3566 non
1023 3503 1059 3582 it,
1083 3503 1197 3587 capit0,
1221 3502 1271 3566 in-

103 3607 184 3691 quit,
208 3629 297 3683 eum,
321 3609 353 3671 et
375 3606 403 3670 si
425 3606 570 3685 calvitur,
593 3627 669 3691 ergo
692 3606 745 3670 fur
767 3606 967 3672 dominum’t
1012 3613 1042 3672 4.

195 3761 220 3832 l)
239 3763 343 3818 solutos
361 3778 410 3816 om.
430 3762 493 3816 labri
509 3767 621 3830 atroque
638 3762 702 3815 loco.
725 3790 760 3799 -
784 3761 810 3828 2)
829 3760 938 3815 mamili
957 3762 1026 3816 labri.
1043 3791 1078 3800 -
1095 3761 1124 3826 3)
1145 3760 1273 3816 Similiter

102 3853 135 3906 dc
153 3851 243 3920 copres
261 3851 297 3917 (3,
307 3851 344 3917 5),
363 3849 394 3902 de
411 3850 503 3904 sertas
522 3851 558 3916 (4,
569 3853 607 3917 5),
626 3850 658 3903 de
675 3850 759 3904 occure
778 3852 813 3916 (6,
823 3852 861 3916 3),
880 3849 911 3903 de
929 3851 1001 3918 equis
1020 3851 1100 3917 (7,6),
1119 3849 1151 3903 de
1162 3851 1272 3904 acerbus

104 3942 141 4006 (9,
152 3942 188 4006 7).
216 3965 245 3976 -
272 3940 298 4004 l)
317 3935 366 4005 qui
383 3936 487 4006 potuit]
508 3936 552 3990 cui
570 3937 662 4006 potius
681 3938 750 3992 libri.
770 3967 803 3976 -·
822 3937 850 4006 5)
868 3937 916 3991 ubi
935 3937 1059 4005 oportuit
1077 3935 1125 3990 ubi
1143 3937 1212 3990 libri.
1239 3968 1270 3976 -

102 4028 130 4095 6)
149 4041 216 4078 sane
236 4041 298 4077 eum
317 4024 386 4077 leri.
405 4054 439 4062 —
461 4023 487 4094 7)
506 4023 613 4078 Nonius
628 4023 826 4093 prommcta'ces,
849 4022 1014 4076 Thubursicu
1031 4025 1061 4076 ὼ(
1082 4023 1212 4077 Neardea
1229 4040 1270 4077 or·

101 4123 154 4182 rus,
182 4115 287 4168 saeculo
305 4111 360 4166 111
376 4114 528 4181 compilarit
545 4112 768 4181 compendiosam
788 4110 944 4166 doctrinam
962 4127 1012 4179 per
1029 4111 1153 4173 litteras,
1180 4111 1271 4164 uldam

98 4208 211 4272 propter
229 4203 326 4256 maltos
343 4207 458 4255 eaerum
475 4203 633 4269 saeptorum
650 4201 722 4255 locos
737 4217 785 4269 per
797 4216 854 4253 eam
865 4205 989 4252 secutos.
1020 4198 1168 4252 Noeesaa
1186 4198 1269 4252 edide-

101 4296 167 4344 rent
180 4289 295 4343 (dolcat
304 4294 328 4342 et
337 4288 442 4343 Recta.
455 4292 530 4356 1842,
550 4287 818 4356 Quichmcta.1871;
836 4287 897 4340 r'llos
906 4288 936 4339 e'a
945 4287 1078 4354 plerisque
1089 4291 1192 4338 secutas
1203 4302 1269 4352 seura,

102 4378 211 4447 popinis
223 4377 366 4432 ademtatrs.
380 4406 409 4415 —
425 4378 451 4446 8)
466 4376 507 4444 Of.
522 4391 605 4444 sopra
612 4393 641 4444 p.
652 4379 685 4429 17
697 4376 748 4430 tob.
762 4378 811 4438 1‚3.
829 4403 864 4413 -—
877 4375 903 4443 9)
923 4391 989 4442 ergo
1002 4373 1046 4426 fur
1060 4371 1212 4440 dominum)
1232 4372 1270 4430 sic

101 4467 173 4533 labri,
183 4463 254 4519 endo
264 4466 335 4520 ferto
347 4481 462 4518 manum
471 4464 528 4518 edd.
549 4463 685 4533 [Fortasse
694 4479 743 4518 scr.
755 4462 827 4518 endo
836 4463 898 4517 fure
906 4479 1020 4517 manum
1031 4459 1146 4531 (iacito).
1159 4459 1208 4512 Tu.
1221 4459 1269 4529 M.]
