3256 5154
279 350 343 416 210
722 347 822 402 suisa
839 349 1010 418 praetorum.

366 527 398 591 b.
436 523 505 601 Quo
527 525 642 590 itinere
664 530 794 607 uotaque
816 547 843 606 q.
868 526 896 589 d.
920 547 949 588 o.
972 526 1008 604 ts,
1033 547 1054 589 o
1076 547 1138 608 qao
1160 529 1270 608 emisti,
1293 527 1350 593 hoe
1371 549 1457 594 oeno

279 652 308 695 a.
332 653 358 694 o.
381 652 411 695 a.
436 651 458 695 c.
481 651 512 694 a.
534 652 565 712 p.
589 631 628 694 ab
650 630 706 695 esa
729 652 805 694 usus
829 634 888 710 est,
913 652 976 714 quo
991 631 1097 696 minus
1120 633 1294 715 1111111111,
1317 659 1345 700 1.
1366 634 1390 700 f.
1408 633 1456 701 v.¹

366 756 392 799 o.
431 734 499 812 Quo
530 735 646 800 itinere
675 740 812 819 actuque
842 735 903 800 hoe
933 758 1018 801 anno
1050 758 1114 801 non
1145 761 1175 802 v.
1198 762 1230 803 n.
1253 762 1280 804 o.
1302 763 1335 805 n.
1350 745 1390 824 'p.
1414 741 1457 805 ab

278 839 336 906 11Ζο
359 861 434 904 usus
457 863 506 920 es,
540 862 603 924 quo
625 841 731 905 miuus
762 841 794 905 id
816 841 878 905 iter
901 845 1080 926 notumque,
1110 846 1147 906 ut
1168 843 1230 908 tibi
1252 844 1301 909 ius
1324 849 1382 925 est,
1406 867 1458 910 re-

280 945 377 1025 ficias,
401 969 430 1010 v.
447 945 470 1010 f.
487 969 516 1009 1.
548 944 610 1022 Qui
632 944 693 1010 hoo
715 946 886 1010 interdicto
908 947 957 1010 uti
980 948 1075 1026 volet,
1097 947 1125 1011 is
1148 949 1328 1014 adversario
1349 946 1459 1014 damni

280 1049 399 1129 infecti,
423 1050 508 1133 quod
529 1072 586 1135 per
608 1051 674 1115 eius
698 1049 818 1132 operts²
842 1050 958 1116 vitium
980 1052 1090 1116 datum
1111 1052 1163 1132 sit,
1186 1054 1324 1119 eaveat³.

197 1159 260 1236 ,9,
370 1155 421 1219 11.
445 1178 472 1220 a
507 1153 566 1220 Uti
588 1155 649 1220 hoo
671 1178 755 1221 anno
778 1178 942 1240 aquam,
966 1179 997 1240 q.
1023 1157 1051 1223 d.
1076 1179 1115 1236 a..
1137 1179 1202 1221 non
1224 1181 1253 1224 v.
1271 1182 1301 1224 n.
1319 1159 1357 1224 ol.
1374 1182 1406 1224 n.
1424 1185 1455 1246 p.

280 1259 321 1324 ab
343 1259 399 1323 illo
423 1259 552 1340 duxisti,
577 1282 640 1344 quo
664 1262 770 1325 minus
792 1260 840 1325 ite
862 1262 968 1341 ducas,
992 1285 1020 1326 v.
1044 1261 1067 1326 f.
1090 1261 1137 1326 v.⁴

367 1365 396 1429 b.
431 1363 489 1430 Uti
511 1365 618 1449 priore
639 1369 761 1431 aestate
783 1387 909 1449 aquam,
944 1388 975 1450 q.
1000 1366 1029 1430 d.
1053 1389 1093 1446 a,
1116 1389 1173 1432 neo
1196 1391 1225 1432 v.
1247 1391 1279 1435 n.
1304 1369 1343 1433 ol.
1368 1393 1400 1434 n.
1423 1393 1457 1454 p.

280 1468 321 1535 ab
343 1468 400 1533 illo
422 1470 551 1550 duxisti,
576 1492 639 1554 quo
660 1471 766 1534 minus
787 1470 835 1534 ita
857 1471 963 1551 ducas,
986 1493 1016 1535 v.
1040 1471 1062 1537 f.
1087 1471 1135 1536 v.⁶

368 1597 394 1639 o.
429 1575 510 1640 Item
531 1576 616 1641 iuter
638 1576 767 1642 heredes
797 1581 825 1641 et
848 1580 1006 1660 emptores
1027 1581 1061 1641 et
1082 1577 1238 1641 bonorum
1261 1601 1456 1662 possessores

282 1679 497 1745 interdioam⁶.

369 1786 399 1850 d.
434 1785 503 1862 Quo
531 1810 569 1852 ex
591 1785 723 1852 castello
753 1786 803 1850 illi
826 1807 943 1870 aquam
965 1785 1077 1850 duoere
1100 1785 1139 1849 ab
1163 1807 1215 1865 eo,
1247 1787 1298 1850 oui
1321 1787 1387 1852 eius
1410 1789 1458 1852 rei

282 1891 331 1955 ius
354 1889 427 1970 fuit,
457 1891 647 1974 permissum
670 1894 729 1970 est,
762 1891 953 1975 quominus
975 1889 1022 1953 ita
1045 1889 1094 1952 uti
1116 1890 1305 1972 permissum
1329 1895 1377 1956 est
1399 1891 1460 1955 du·

283 1997 344 2073 eat,
378 2017 407 2058 v.
430 1992 454 2058 f.
478 2017 507 2058 v.
552 1993 748 2078 Quandoque
780 1995 819 2059 de
850 2015 944 2078 opere
977 1992 1122 2058 faciendo
1151 1993 1357 2060 interdiotum
1385 1997 1458 2077 erit,

283 2099 391 2164 damni
412 2098 524 2164 infeoti
545 2101 650 2165 caveri
672 2100 815 2166 iubebo⁶.

370 2227 396 2270 e.
437 2203 567 2270 Rivos
598 2228 708 2290 speous
740 2211 831 2291 septa
861 2206 988 2271 reficere
1015 2225 1154 2290 purgare
1177 2225 1278 2290 aquae
1300 2205 1459 2272 ducendae

284 2331 379 2374 eausa
402 2332 465 2394 quo
487 2311 592 2374 minus
614 2310 709 2375 liceat
731 2310 790 2390 illi,
819 2312 894 2375 dum
916 2333 957 2375 ne
980 2310 1074 2376 aliter
1096 2333 1211 2394 aquam
1234 2310 1339 2390 ducat,
1363 2332 1460 2395 quam

284 2415 333 2480 uti
354 2415 410 2480 too
432 2436 516 2480 auae
539 2421 595 2480 out
624 2416 730 2499 priore
761 2419 882 2480 aestate
903 2437 968 2480 non
991 2439 1020 2480 v.
1044 2437 1076 2481 n.
1100 2437 1126 2480 o.
1149 2438 1181 2479 n.
1205 2438 1235 2499 p.
1260 2437 1280 2479 a
1302 2420 1334 2480 te
1355 2417 1458 2495 duxit,

284 2543 314 2584 v.
337 2519 359 2585 f.
385 2518 433 2585 vs

371 2625 394 2690 f.
424 2624 484 2691 Uti
506 2627 544 2692 de
567 2648 603 2691 eo
625 2626 755 2707 fonte,
779 2650 809 2712 q.
834 2626 863 2692 d.
887 2649 927 2707 a,
950 2628 1010 2692 hoe
1032 2649 1116 2692 anno
1139 2649 1196 2692 neo
1218 2649 1247 2693 v.
1271 2651 1302 2692 n.
1326 2651 1353 2694 o.
1376 2650 1407 2692 11.
1424 2651 1456 2712 p.

285 2730 326 2794 ab
347 2729 405 2795 illo
426 2753 501 2796 usus
524 2745 571 2811 es,
604 2753 667 2815 quo
689 2733 794 2797 minus
816 2732 864 2797 ita
885 2733 997 2812 utaris,
1021 2757 1051 2798 v.
1074 2733 1098 2798 f.
1121 2755 1151 2799 v.
1196 2732 1244 2798 De
1266 2734 1339 2798 laou
1361 2738 1459 2817 puteo

285 2835 407 2917 piscina
428 2836 506 2901 item
527 2835 743 2902 interdicam⁸.

373 2961 405 3025 g.
441 2939 510 3016 Quo
531 2941 636 3006 minus
659 2941 791 3022 fontem,
815 2965 845 3026 q.
870 2943 899 3015 d.
924 2965 964 3023 a,
986 2964 1105 3028 purges
1127 2943 1260 3024 reficias,
1283 2948 1321 3008 ut
1341 2965 1459 3028 aquam

286 3067 428 3111 coercere
459 3047 570 3130 utique
597 3069 634 3111 ea
656 3047 776 3131 possis,
809 3048 884 3112 dum
906 3070 946 3112 ne
969 3048 1063 3112 aliter
1085 3048 1186 3113 utaris
1209 3052 1306 3134 atque
1328 3049 1377 3113 uti
1398 3048 1460 3114 hoo

288 3172 371 3216 anno
392 3172 458 3216 non
480 3174 509 3215 v.
532 3174 564 3216 n.
588 3173 614 3216 o.
637 3173 669 3216 n
693 3175 724 3236 p.
748 3152 868 3217 abillo
891 3175 966 3217 usus
989 3175 1031 3233 es,
1057 3175 1087 3219 u.
1111 3152 1133 3217 f.
1157 3152 1204 3218 v.⁹

235 3276 264 3308 a.
374 3257 424 3322 12.
450 3281 479 3324 a.
512 3257 582 3334 Quo
604 3258 710 3323 minus
731 3258 780 3323 illi
803 3259 999 3340 eloacam,
1023 3281 1104 3343 quae
1126 3281 1165 3324 ex
1180 3257 1309 3323 aedibus
1333 3257 1400 3322 eius
1422 3258 1458 3321 in

287 3366 359 3426 tuas
381 3362 529 3446 pertinet,
554 3385 584 3448 q.
608 3364 638 3428 d.
661 3387 701 3443 a,
727 3386 866 3450 purgare
889 3365 1016 3431 refioere
1038 3365 1140 3442 lineat,
1164 3387 1193 3429 1.
1217 3363 1240 3428 f.
1265 3385 1294 3428 v.
1341 3362 1459 3427 Damni

287 3467 406 3547 infecti,
430 3469 514 3552 quod
537 3469 640 3553 operis
663 3469 744 3535 vitio
767 3470 887 3535 factum
910 3470 963 3550 sit,
987 3471 1090 3535 caveri
1113 3467 1274 3534 iubebo²⁰.

374 3573 403 3638 b.
439 3571 530 3648 Quod
553 3573 587 3636 in
610 3573 717 3640 oloaea
739 3574 866 3661 publiea
888 3576 1009 3640 factum
1031 3577 1097 3641 sive
1120 3574 1183 3661 [ea]
1206 3574 1384 3638 immissum
1399 3574 1459 3638 ha·

286 3677 352 3759 bes,
375 3700 438 3761 quo
461 3701 536 3744 usus
559 3678 626 3744 eius
649 3679 785 3745 deterior
807 3681 850 3745 sit
872 3679 940 3760 fiat,
963 3681 1122 3745 restituas.
1152 3681 1230 3744 item
1252 3700 1292 3743 ne
1309 3679 1385 3764 quid
1401 3678 1460 3742 fiet

286 3783 529 3862 immittaturve
552 3783 784 3850 interdioam¹¹.

217 3890 264 3967 :523
376 3889 426 3954 13.
465 3888 579 3965 Quod
610 3890 650 3954 vi
672 3896 741 3955 aut
763 3891 869 3957 elam
901 3893 1103 3973 factumest,
1135 3889 1260 3975 quade
1282 3911 1317 3955 re
1339 3889 1460 3974 agitur,

288 4063 493 4072 —--—..-.

367 4169 392 4236 1)
413 4165 454 4235 or.
473 4149 657 4235 1').43,1.2,a;
675 4169 831 4235 11111111.
849 4197 884 4208 -
901 4167 930 4239 1)
949 4167 991 4237 of.
1010 4165 1049 4224 n.
1067 4170 1170 4237 43,19,5
1187 4169 1206 4222 1.
1215 4165 1241 4237 f.
1259 4198 1295 4208 -
1313 4169 1342 4238 3)
1360 4169 1398 4224 n.
1418 4171 1460 4234 43,

287 4256 393 4321 zuen.
413 4285 444 4294 -
464 4254 491 4325 4)
509 4255 723 4324 1143111111.
743 4286 777 4297 -
796 4259 824 4326 5)
841 4256 880 4311 n.
891 4260 1051 4326 asponae
1068 4288 1102 4298 -
1120 4260 1148 4325 s)
1161 4257 1200 4312 n.
1211 4260 1413 4325 4110131311.
1425 4289 1461 4298 -

288 4343 315 4410 1)
333 4340 370 4396 D.
388 4345 490 4411 11111
505 4360 548 4412 pr.
576 4373 604 4385 -
631 4344 659 4414 a)
677 4343 715 4400 n.
734 4349 838 4414 naeu
852 4361 898 4414 pr.
924 4375 958 4386 -
985 4345 1012 4416 o)
1031 4345 1069 4401 n.
1087 4346 1226 4414 43,22‚1,o.
1244 4373 1280 4384 -
1299 4345 1343 4416 111)
1361 4345 1400 4399 n.
1418 4348 1461 4410 43,

287 4432 348 4504 23,1
362 4446 406 4502 pr.
427 4459 456 4470 -
478 4428 522 4499 11)
540 4430 579 4486 n.
596 4435 752 4503 nanus.
