3190 5148
584 315 695 373 Nonius
713 316 870 374 Marcellus.
1248 322 1324 388 391.

139 497 423 576 Plebitatem,
445 494 693 580 ignobilitatem.
738 491 817 559 Cato
838 516 898 579 pro
920 493 1070 560 Veturio:
1102 499 1242 582 ‘propter
1264 502 1312 564 te-

143 603 299 667 nuitatem
333 598 372 666 et'
390 601 595 686 plebitatem’.
641 599 780 665 Hemina
809 600 842 664 in
866 600 1070 666 annalibus¹:
1106 601 1313 688 ‘Quicumque

140 713 271 794 propter
293 708 479 792 plebitatem
501 729 581 793 agro
603 706 731 792 publico
754 707 846 772 eiecti
869 703 978 771 sunt'².
1024 710 1098 771 101.

139 813 387 878 Proletarii
409 813 486 878 dicti
509 816 583 877 sunt
605 812 718 897 plebei,
742 810 798 897 qui
820 811 902 876 nihil
925 811 1116 897 reipublicae
1130 810 1311 894 exhibeant,

138 918 194 982 scd
224 921 351 982 tantum
383 919 504 1003 prolem
534 917 705 982 sufficiant.
729 916 898 983 -Varro
924 917 962 982 de
985 917 1052 980 vita
1078 939 1108 1002 p.
1134 915 1173 981 R.
1196 916 1251 983 lib.
1274 917 1310 982 I:

141 1023 268 1107 ‘quibus
283 1026 375 1088 erant
389 1023 539 1107 pecuniae
554 1023 641 1102 satis,
665 1023 841 1107 locupletis,
858 1021 1018 1099 adsiduos3
1043 1023 1218 1088 contrarios
1234 1045 1309 1109 pro·

141 1129 280 1194 letarios.
314 1128 457 1196 Adsiduo
481 1129 638 1195 neminem
661 1128 816 1194 vindicem
840 1127 1008 1194 voluerunt
1029 1127 1217 1212 locupleti'⁸.
1257 1133 1309 1194 48.

140 1232 310 1299 Proletarii
339 1235 423 1299 cives
454 1234 656 1315 dicebantur,
688 1235 744 1320 qui
777 1235 810 1298 in
831 1234 923 1318 plebe
945 1232 1132 1300 tenuissima
1163 1237 1254 1298 erant
1276 1237 1308 1298 et

137 1359 202 1402 non
225 1339 361 1424 amplius
384 1361 480 1423 quam
501 1338 588 1405 mille
610 1343 642 1404 et
663 1338 854 1424 quingentos
877 1339 958 1404 aeris
981 1338 1015 1402 in
1031 1359 1159 1403 censum
1186 1337 1305 1403 defere-

138 1443 228 1508 bant.
273 1449 347 1511 106.

138 1547 437 1634 Recepticium
460 1572 584 1615 servum
608 1549 737 1633 quidam
760 1585 801 1595 -
824 1549 944 1614 dictum
967 1548 1089 1630 volunt,
1112 1586 1155 1595 —
1178 1551 1233 1634 qni
1255 1571 1310 1616 ve·

138 1655 309 1720 numdatus
332 1655 373 1720 ob
391 1655 519 1740 aliquod
539 1692 582 1703 —
598 1654 802 1720 malefactum
824 1677 843 1720 a
858 1655 1045 1720 ffisbactom
1065 1691 1109 1702 -
1124 1655 1309 1740 recipiatur;

141 1759 195 1825 sed
217 1783 291 1825 vera
314 1759 392 1825 haec
415 1765 463 1826 est
485 1760 551 1826 eius
574 1760 711 1826 nominis
732 1760 964 1844 interpretatio,
987 1778 1081 1844 quem
1096 1759 1129 1824 in
1146 1760 1221 1826 data
1236 1760 1309 1826 dote

139 1870 196 1930 aut
219 1866 389 1931 donatione
419 1865 490 1950 quis
514 1865 689 1950 exceperit,
724 1867 809 1951 quod
840 1871 888 1931 est
909 1865 1038 1950 proprie
1060 1867 1243 1951 ‘receperit‘.
1267 1901 1309 1914 -

137 2006 182 2015 —
205 1968 301 2035 Cato:
326 1969 447 2035 ‘mulier
469 1973 501 2035 et
522 1989 673 2055 magnam
696 1969 802 2034 dotem
826 1969 880 2034 dat
902 1973 934 2034 et
952 1991 1103 2057 magnam
1125 1972 1307 2056 pecuniam⁴

138 2077 255 2142 retinet
264 2077 281 2155 ;’
303 2098 342 2140 ex
364 2097 401 2140 ea
423 2074 524 2160 igitur
547 2097 580 2140 re
595 2075 755 2154 familiari,
779 2097 898 2159 exque
920 2076 981 2140 sibi
997 2076 1070 2142 dote
1086 2077 1160 2142 data
1176 2079 1309 2142 retinuit

137 2182 303 2267 pecuniam
326 2181 395 2246 viro
417 2184 559 2246 mutuam
584 2181 652 2246 dat:
684 2203 753 2245 eam
775 2179 957 2264 pecuniam⁶
986 2203 1005 2245 a
1027 2181 1096 2247 viro
1119 2181 1202 2247 forte
1224 2183 1307 2247 irata

138 2291 278 2372 repetere
300 2287 458 2365 instituit;
491 2286 623 2371 adponit
646 2287 675 2350 ei
696 2285 911 2371 flagitatorem
934 2287 1146 2370 recepticium,
1178 2287 1238 2352 hoc
1260 2291 1308 2352 est

137 2394 312 2479 proprium,
344 2416 454 2473 suum,
484 2415 577 2478 quem
604 2391 726 2476 reliqua
756 2393 890 2476 pecunia
918 2395 1078 2476 receperat
1100 2414 1157 2457 nec
1179 2393 1308 2458 dederat

137 2500 205 2565 doti
227 2500 281 2564 sed
303 2502 476 2583 exceperat.
521 2502 566 2562 38
585 2523 614 2549 ε
636 2495 756 2561 Gellius
780 2500 864 2575 17‚o.

136 2605 384 2684 Riciniuml,
417 2604 501 2689 quod
531 2624 615 2666 nunc
643 2601 831 2666 mafortium
865 2599 997 2680 dicitur,
1026 2600 1192 2686 palliolum
1214 2602 1306 2667 femi·

136 2733 231 2776 neum
261 2711 365 2774 breve.
412 2707 516 2773 Varro
542 2745 578 2753 -
604 2708 642 2772 de
665 2706 731 2771 vita
752 2729 783 2790 p.
808 2703 847 2771 R.
873 2713 931 2770 '-:
963 2705 1040 2770 ‘Eu⁷
1073 2729 1136 2791 qno
1159 2708 1306 2774 mulieres

134 2819 168 2881 in
194 2855 230 2862 --—
257 2816 411 2894 luctibus,
443 2835 515 2878 cnm
538 2835 663 2878 omnem
694 2811 847 2878 vestitum
869 2811 1084 2877 delicatiorem
1108 2834 1144 2877 ac
1166 2813 1307 2880 luxorio·

134 2945 206 2987 sum
228 2959 271 2968 -
293 2924 426 3005 ponunt,
450 2919 562 2984 ricinia
584 2919 732 2983 sumunt’.
777 2923 852 2984 371.

136 3025 464 3110 scripturarios
494 3027 634 3103 veteres,
668 3045 747 3107 quos
775 3046 859 3088 nunc
880 3024 1054 3090 tabularios
1078 3024 1220 3103 dicimus,
1245 3024 1306 3088 dici

137 3133 269 3209 volunt3
302 3130 384 3214 quod
408 3129 573 3213 scripturis
596 3132 627 3193 et
649 3129 884 3194 commentariis
905 3132 1011 3195 omnia
1032 3131 1082 3196 vel
1104 3130 1232 3195 urbium
1254 3131 1304 3193 vel

137 3237 372 3323 provinciarum
394 3235 685 3319 complecterentur.
730 3233 869 3299 Lucilius
890 3236 911 3299 l.
935 3233 1061 3301 XXVI:
1085 3234 1304 3300 ‘Publicanus⁸

137 3365 213 3410 vero
235 3346 272 3407 ut
295 3343 390 3408 Asiae
412 3340 497 3420 fiam,
520 3343 557 3405 ut
580 3340 823 3424 scripturarius'.
867 3338 939 3405 26.9

135 3551 201 3589 nere
221 3525 298 3588 ¹virili
320 3530 511 3602 appellentur;
539 3531 624 3598 atque
640 3527 683 3584 ita
701 3528 738 3582 M.
757 3529 847 3586 Varro
866 3528 952 3584 verba
965 3529 1034 3583 haec
1046 3526 1184 3596 legitima,
1204 3525 1305 3596 quibus

135 3620 254 3676 minima
263 3621 354 3676 muca
370 3620 516 3684 diceretur,
528 3618 665 3689 concepit:
680 3618 725 3672 ‘bL
735 3615 866 3674 Terentio
881 3647 917 3656 -
934 3614 1013 3684 dioo',
1031 3632 1063 3669 ac
1081 3614 1134 3669 nisi
1153 3631 1184 3670 co
1203 3631 1306 3684 genere

136 3710 284 3773 diceretur,
311 3709 486 3776 negaverunt
503 3706 609 3760 iustam
628 3705 717 3761 videri
738 3706 867 3760 multam.

224 3798 250 3865 1)
268 3813 355 3850 annos
372 3795 443 3850 labri.
466 3825 498 3834 -
518 3797 545 3864 2)
563 3793 710 3850 Sallustius
728 3796 788 3849 out.
806 3796 848 3862 1,9
865 3791 904 3846 ed.
923 3789 1049 3845 meacu-
1069 3788 1182 3860 regibus
1200 3789 1305 3845 exactis

135 3917 166 3926 -
189 3883 284 3939 servili
311 3881 427 3952 imperio
451 3884 546 3953 patres
564 3881 674 3952 plebem
694 3897 868 3936 exercere-
887 3894 956 3948 agro
974 3875 1085 3947 pellere.
1117 3907 1140 3915 -
1169 3877 1197 3946 3)
1216 3877 1305 3932 idem:

135 3973 247 4030 assiduo
272 3970 411 4025 neminem
435 3968 575 4024 uindicem
593 3985 651 4023 esse
669 3968 818 4024 uoluerunt
837 3965 889 4019 nisi
910 3963 1051 4018 assiduum
1073 3963 1163 4018 idest
1182 3963 1304 4034 locuple·

132 4066 193 4117 tem
217 4059 327 4114 contenit
353 4057 498 4111 Turbatam.
526 4088 559 4096 —
586 4057 612 4121 4)
631 4055 730 4125 recipit
752 4055 804 4111 hoc
828 4055 870 4109 est
895 4054 923 4107 et
942 4069 1075 4122 magnam
1095 4051 1190 4107 dotem
1208 4051 1259 4105 dat
1276 4053 1306 4106 et

132 4165 268 4220 magnam
294 4143 441 4215 pecuniam
467 4146 517 4201 ina.
537 4144 620 4198 Gellii
637 4145 718 4211 (17,6)
746 4143 864 4197 codicum
876 4141 988 4211 jamdiu
1006 4140 1127 4206 dotatur,
1155 4155 1202 4194 om.
1224 4138 1307 4193 Gellia·

134 4239 200 4292 libri
215 4236 334 4290 oraliorcc
352 4250 411 4288 com
432 4233 523 4287 Nouio
542 4232 726 4286 Gallicanorum
751 4231 930 4299 compilatore.
946 4256 984 4268 -
1003 4227 1029 4296 5)
1049 4227 1109 4282 viro
1127 4245 1163 4281 m.
1177 4226 1203 4279 d.
1216 4243 1238 4279 e.
1257 4242 1304 4295 pe-

133 4325 245 4380 cuniam
264 4324 341 4377 babet
354 4322 465 4389 Gellius,
484 4337 534 4374 om.
549 4320 612 4374 libri
623 4318 752 4372 Noniani.
767 4349 800 4357 —
819 4320 845 4383 6)
864 4316 983 4370 ricinum
996 4314 1065 4368 libri.
1089 4344 1117 4351 -
1138 4314 1164 4379 7)
1184 4313 1213 4366 et
1231 4313 1301 4367 libri.

133 4443 166 4453 -
186 4413 214 4482 8)
231 4411 412 4480 publicanum
430 4411 500 4465 liba
524 4441 556 4451 -
576 4407 603 4478 9)
624 4406 666 4476 Os.
685 4405 782 4460 Festus
798 4421 822 4459 o.
842 4402 1051 4473 Scripturarius.
