3194 5154
513 359 570 416 Lex
588 360 714 416 Iuliade
732 360 887 418 adulteriis.
1250 363 1311 431 111

142 538 175 597 dc
194 540 225 597 oi
240 540 367 613 publica
387 542 416 596 et
429 538 583 610 prtem:
613 537 722 596 Eadem
743 537 808 614 lege
829 537 1008 613 quibusdam
1028 539 1231 598 testimonium
1251 559 1313 600 cm·

141 635 225 708 nino,
246 633 426 709 quibusdum
448 631 634 690 interdicitur
654 634 764 706 invitis,
785 655 809 694 c.
829 633 997 693 LXXXVII
1017 637 1048 694 et
1067 655 1090 699 c.
1113 636 1313 712 LXXXVIII3

141 730 170 787 in
191 730 263 788 haec
285 729 400 806 verba:)

225 828 287 892 His
311 823 520 892 hominibus²
552 825 613 890 hac
634 825 705 911 lege
734 828 768 892 in
790 851 878 893 reum
901 829 1119 894 testimonium
1150 830 1314 896 dicerene

138 933 249 998 liceto:
273 933 329 1018 qui
353 954 386 996 se
408 931 448 995 ab
472 953 508 996 ao
530 935 700 1016 parenteve
722 933 799 1012 eius,
823 932 976 1030 libertove
998 935 1087 999 cuius
1110 957 1218 1000 eorum
1233 934 1314 1001 libe·

138 1037 269 1118 raverit,
293 1039 387 1122 quive
409 1036 552 1121 impubes
569 1037 640 1116 erit,
663 1037 758 1122 quive
780 1037 911 1122 [iudicio
925 1038 1053 1122 publico
1069 1040 1237 1104 damnatus
1252 1041 1313 1104 erit

17 1225 18 1242 ἢ
143 1142 229 1228 quil]
261 1164 369 1206 eorum
391 1143 425 1206 in
448 1143 609 1227 integrum
632 1143 799 1208 restitutus
821 1166 886 1208 non
909 1147 974 1224 est,
1007 1145 1101 1229 quive
1122 1144 1157 1209 in
1178 1145 1313 1210 vinculis

145 1247 327 1313 custodiave
349 1247 477 1330 publica
499 1248 570 1326 erit,
594 1249 687 1331 quive
709 1248 912 1334 depugnandi
934 1271 1029 1313 causa
1043 1253 1226 1314 auctoratus
1242 1250 1312 1329 erit,

141 1352 234 1438 quive
267 1352 308 1416 ad
338 1352 456 1416 bestias
489 1352 671 1436 depugnare
703 1375 736 1418 se
757 1352 875 1418 locavit
897 1353 1059 1434 locaverit,
1090 1358 1312 1440 praeterquam

17 1507 18 1510 η
143 1458 198 1542 qui
223 1457 384 1524 iaculandi
406 1479 501 1522 causa
523 1458 562 1522 ad
585 1457 697 1524 urbem
719 1459 834 1524 missus
854 1463 903 1524 est
925 1459 1001 1538 erit,
1025 1455 1168 1546 [quaeve]
1189 1459 1313 1543 palam⁴

17 1575 18 1596 ³
140 1585 271 1648 corpore
295 1567 462 1648 quaestum
486 1563 582 1627 faciet
603 1562 761 1644 feceritve,
785 1563 880 1648 quive
902 1565 942 1629 ob
966 1565 1183 1632 testimouium
1207 1565 1313 1630 dicen-

17 1681 18 1740 t
143 1669 217 1733 dum
241 1669 306 1754 [vel
327 1690 392 1733 non
415 1665 610 1752 dicenduml]
633 1669 801 1752 pecuniam
823 1670 978 1754 accepisse
1000 1669 1156 1735 iudicatus
1179 1669 1249 1751 erit,
1271 1693 1311 1735 ne

143 1775 211 1858 quis
235 1797 345 1840 eorum
367 1772 428 1838 huc
449 1773 520 1860 lege
541 1775 576 1838 in
599 1796 688 1839 reum
711 1774 931 1840 testimonium
953 1775 1046 1842 dicat.

228 1877 343 1955 (Capite
363 1877 539 1954 octogesimo
560 1879 684 1954 septimo
706 1879 777 1955 hier)

226 1973 290 2039 Ηὶ6
317 1974 461 2039 homines
483 1974 579 2040 inviti
601 1976 635 2040 in
658 1997 747 2041 reum
769 1976 987 2043 testimonium
1011 1999 1050 2042 ne
1073 1977 1221 2043 dicunto:
1256 1978 1311 2063 qui

17 2079 18 2082 ’
141 2080 286 2144 sobrinus
317 2084 366 2144 est
395 2079 425 2144 ei
462 2101 516 2144 rec
547 2080 733 2164 propioreve
760 2081 950 2167 cognatione
984 2082 1186 2162 coniunctus,
1219 2083 1313 2170 quive

142 2206 229 2250 socer
251 2206 350 2270 gener
371 2186 503 2250 vitricus
526 2186 756 2271 privignusque
778 2185 845 2252 eius
868 2189 937 2252 erit.

329 2359 381 2425 21.
426 2361 504 2426 Lex
526 2360 648 2468 Iulia¹
671 2362 716 2426 de
738 2360 976 2426 adulteriis
1007 2383 1034 2424 a.
1059 2361 1131 2426 736.

215 2503 249 2560 E
265 2520 329 2576 cap.
350 2503 376 2561 1.
399 2503 565 2578 (Ulpianus
586 2503 604 2560 l.
626 2501 699 2561 Ide
719 2500 905 2560 adulteriis:
931 2499 1011 2558 Haec
1032 2498 1122 2558 verba
1141 2498 1242 2576 legisr)

218 2649 262 2664 ...
276 2622 316 2664 ne
326 2600 397 2684 quis
406 2599 539 2684 posthac
551 2602 697 2685 stuprum
709 2597 901 2664 adulterium
912 2597 1009 2663 facito
1022 2596 1122 2662 sciens
1132 2594 1205 2661 dolo
1216 2597 1310 2662 malo.

217 2713 251 2770 Ε
262 2730 326 2786 cup.
342 2711 388 2770 ΙΙ.
410 2708 576 2788 (Ulpianus
597 2711 616 2770 l.
635 2711 659 2769 Ι
675 2711 711 2770 de
734 2710 922 2771 adularer.-
942 2708 1026 2778 Quod
1047 2710 1091 2769 ait
1105 2708 1181 2788 lex:)
1203 2699 1313 2786 [Pater

17 2797 18 2834 ³
141 2807 179 2896 si]
214 2811 249 2873 in
271 2809 339 2874 filia
362 2809 431 2894 [sua
454 2831 551 2894 quam
572 2809 606 2872 in
628 2812 786 2895 potestate
807 2808 919 2887 habet,
949 2813 1006 2873 aut
1028 2809 1062 2872 in
1085 2829 1132 2888 ea,
1156 2829 1237 2892 quae
1260 2806 1312 2872 eo8

17 2911 18 2986 ἶ
142 2919 270 2980 auctore
302 2937 374 2980 cum
403 2915 438 2980 in
466 2919 624 2999 potestate
656 2919 754 2996 esset,
788 2915 858 2979 viro
889 2915 923 2979 in
945 2936 1075 2979 manum
1104 2913 1312 2996 convenerit]

142 3019 322 3085 adulterum
346 3020 445 3104 [domi
464 3043 539 3085 suae
554 3022 702 3106 generive
717 3020 778 3106 sui]
802 3017 1052 3104 deprehenderit,
1077 3020 1179 3104 [isque
1193 3018 1228 3083 in
1243 3041 1312 3084 eam

142 3147 208 3189 rem
231 3145 376 3190 socerum
398 3125 590 3206 adhibuerit,
614 3129 651 3190 ut
672 3127 700 3190 is
722 3130 813 3212 pater
835 3148 907 3191 eum
922 3124 1102 3191 adulterum
1119 3126 1187 3190 sine
1201 3124 1313 3191 fraude

140 3230 272 3309 occidat,
294 3229 342 3293 itu
364 3228 417 3315 ut]
441 3229 475 3293 in
498 3231 673 3296 continenti
694 3231 794 3298 filiam
815 3233 946 3297 occidat.

215 3334 249 3392 E
267 3351 331 3407 cop.
359 3333 388 3392 V
412 3333 577 3410 (Ulpianus
597 3337 616 3394 l.
637 3335 680 3394 II
694 3336 734 3394 ud
752 3338 771 3395 l.
792 3337 906 3396 Iulium
926 3337 962 3396 de
982 3337 1169 3396 adultertts⁹.·
1205 3335 1308 3410 Capite

144 3430 249 3504 quinto
271 3429 346 3508 legis
366 3429 460 3488 Iuliae
481 3430 523 3488 ita
543 3433 665 3491 cavetur
684 3432 720 3489 ut
730 3433 750 3509 ε)

212 3579 238 3648 1)
257 3577 385 3646 corrue.
405 3578 543 3634 Sententia
561 3580 625 3650 lepus
643 3582 723 3634 cium
740 3580 778 3634 D.
796 3583 913 3649 22,5,3,5
931 3583 1018 3637 relatu
1036 3587 1074 3636 est
1091 3598 1105 3636 c
1125 3581 1275 3636 Oudssuuta'
1292 3583 1309 3636 l.

143 3666 174 3720 dc
190 3682 281 3736 σορκ.)
298 3671 389 3720 cumn
403 3667 524 3721 Caesaris
540 3669 576 3722 eit
593 3685 630 3722 au
648 3669 773 3738 Augusti,
792 3685 848 3724 ucu
865 3675 976 3724 emutat.
1016 3668 1057 3738 Cf.
1077 3668 1147 3723 Eud.
1163 3667 1224 3724 ΒΘ.
1242 3673 1308 3738 1,85.

144 3785 176 3794 -
195 3755 223 3823 2)
241 3753 273 3807 in
290 3754 359 3809 haec
376 3755 462 3810 verba
485 3755 528 3809 hie
547 3755 639 3811 verbis
657 3756 817 3812 hominibus
835 3757 926 3826 codd.‚·
952 3757 982 3812 in
999 3757 1052 3813 hoc
1069 3773 1135 3812 vero
1153 3756 1196 3810 his
1217 3757 1309 3812 verbis

140 3841 182 3896 his
201 3840 360 3896 hominibus
379 3841 500 3910 Rudorff
513 3843 579 3898 tiber
598 3843 649 3898 deu
665 3845 710 3899 leb.
730 3845 763 3899 de
773 3845 820 3915 off.
829 3861 905 3915 proc.
919 3862 949 3914 p.
959 3848 1016 3899 314.
1036 3874 1070 3885 -
1087 3845 1115 3913 3)
1132 3843 1163 3896 E
1177 3843 1242 3914 Dip.
1256 3845 1308 3898 ius.

141 3960 172 3970 -
190 3930 220 4000 4)
239 3945 347 3998 quaeve
364 3930 461 3998 palam
479 3929 527 3999 D.,
545 3931 678 4001 palamve
696 3933 763 3988 0012.
780 3963 815 3975 -
832 3935 861 4004 5)
879 3933 923 3988 his
940 3932 970 3987 lri
987 3932 1143 4000 Manates,
1161 3931 1204 3984 his
1222 3930 1312 3985 cethi

139 4019 208 4073 ucis
227 4049 262 4058 -
274 4017 302 4087 6)
315 4016 353 4071 D.
366 4019 535 4086 48,5,13(12).
560 4019 602 4090 Os.
615 4021 694 4077 Paul.
707 4023 737 4076 iu
750 4022 815 4078 corz.
828 4027 888 4091 4,2.·
907 4021 1029 4093 primurn
1042 4021 1128 4091 caput
1140 4019 1211 4088 legis
1224 4018 1312 4074 Iuliae

141 4106 175 4160 de
193 4104 341 4160 adulteriis
359 4105 499 4174 prioribus
516 4107 626 4177 legibus
644 4109 772 4180 pluribus
789 4111 909 4181 obrogat
926 4110 1062 4181 (abrogat
1080 4109 1169 4176 lebn');
1192 4106 1311 4162 secundo

141 4210 205 4249 vero
222 4192 316 4263 capite
335 4192 477 4262 permittit
494 4194 571 4264 patri
589 4201 635 4250 eet.
653 4225 688 4236 -
707 4200 734 4267 7)
751 4197 788 4253 D.
807 4202 982 4269 48,5„24(23)‚
996 4215 1041 4268 pr.
1050 4202 1077 4251 4.
1107 4195 1191 4250 Verba
1206 4195 1313 4250 inclusa

141 4281 411 4351 Feratenses.
443 4282 485 4352 Of.
506 4283 572 4338 0011.
590 4288 683 4354 4,12‚1.
711 4285 790 4341 Paul.
808 4294 873 4342 scut.
891 4290 985 4356 aaut
1006 4315 1039 4326 -
1057 4285 1087 4354 8)
1105 4283 1162 4339 Im.
1175 4281 1312 4338 Pithoeus.

141 4399 174 4410 -
200 4371 227 4440 9)
245 4369 283 4424 D.
301 4372 476 4440 rasam),
490 4388 534 4441 pr.
552 4376 576 4427 5.
613 4373 697 4428 Verba
722 4377 798 4429 uuest
824 4375 931 4432 uwtusa
951 4377 1096 4443 postquam
1121 4370 1253 4440 opumve
1275 4370 1313 4426 ud

144 4460 299 4514 senteutiam
315 4458 427 4527 rettulit,
441 4461 532 4529 perpet
547 4463 601 4515 sic:
630 4460 708 4527 Quod
728 4461 862 4518 adicitur:
888 4460 1052 4518 ‘testandae’
1071 4465 1118 4518 cet.
