3190 5148
277 371 342 436 412
758 359 975 430 agrimensores.
993 399 995 404 .

243 555 268 609 5.
278 547 338 612 bus
362 548 418 610 aut
440 542 598 628 Hispania
627 539 774 606 citeriore
805 536 961 602 Palatinis
991 540 1023 601 et
1045 535 1251 620 conpluribus
1274 534 1456 621 provinlciis

279 651 484 717 tributarium
507 648 611 713 solum
633 668 690 730 par
712 643 926 708 universatem
947 640 1075 726 populis
1098 644 1146 706 est
1168 641 1345 706 definitum.
1371 679 1409 690 -

367 757 454 840 Ager
477 757 525 819 est
548 751 799 828 arcifinius,
824 747 879 832 qui
901 747 992 811 nulla
1013 769 1161 812 mensura
1183 745 1456 826 contineturffifi-

280 863 369 927 nitur
391 860 563 926 secundum
578 857 741 939 antiquam
758 851 1011 920 observationem
1024 851 1220 931 fluminibus,
1243 851 1457 938 fossis‘p-mon-

279 969 375 1054 tibus,
398 967 468 1045 viis,
499 964 666 1030 arboribus
690 965 764 1026 ante
786 959 901 1038 missis,
925 980 1080 1042 aquarum
1103 956 1263 1042 divergiis,
1287 958 1369 1040 et2si
1393 982 1458 1043 qna

243 1073 347 1137 aleca
371 1095 390 1136 a
411 1075 517 1137 uetere
540 1067 733 1154 possessore¹
758 1067 932 1150 potuerunt
954 1063 1111 1147 optineri;
1141 1085 1216 1128 nam
1245 1063 1250 1149 Ι
1275 1085 1351 1149 ager
1374 1066 1457 1129 arci·
1573 1129 1575 1140 ,

278 1178 383 1257 finiris,
408 1177 490 1241 sicut
513 1176 559 1240 ait
581 1172 701 1252 Varro,
733 1171 773 1236 ab
797 1169 939 1235 arcendis
961 1168 1107 1234 hostibus
1131 1171 1181 1234 est
1202 1167 1389 1254 appellatus.
1414 1207 1456 1216 -
1564 1169 1575 1211 ¹²

193 1291 194 1294 ’
280 1281 317 1346 ln
340 1282 391 1346 his
416 1281 502 1367 agris
523 1279 648 1344 nullum
670 1277 720 1342 ius
743 1275 974 1341 subsicivorum
996 1274 1179 1340 intervenit.

366 1387 640 1453 subsicivum
661 1386 720 1463 est,
744 1382 828 1466 quod
852 1381 1072 1446 asubsecante
1094 1379 1179 1444 linea
1194 1401 1309 1444 nomen
1324 1381 1456 1464 accepit.

278 1492 514 1556 Subsicivorum
546 1512 664 1576 genera
695 1492 771 1554 sunt
800 1487 880 1551 duo:
916 1509 1033 1565 unum,
1064 1485 1148 1568 quod
1170 1485 1203 1549 in
1225 1487 1374 1551 extremis
1398 1488 1457 1552 ad-

241 1603 265 1654 7.
276 1598 478 1683 signatorum
502 1619 651 1682 agrorum
675 1594 792 1659 finibus
816 1592 959 1658 centuria
978 1589 983 1677 Ι
1003 1590 1122 1675 expleri
1137 1613 1202 1655 non
1217 1590 1342 1674 potuit3
1368 1591 1457 1657 alind

276 1725 377 1787 genus
400 1703 641 1781 subsicivorum‚
665 1700 749 1785 quod
772 1699 806 1764 in
829 1697 940 1764 mediis
963 1696 1239 1783 adsignationibus
1262 1701 1295 1762 et
1317 1699 1456 1784 integris

275 1808 425 1874 centuriis
447 1807 630 1874 intervenit.

734 1997 878 2054 Frontinus
897 1997 967 2054 llber
986 1997 1013 2054 ΙΙ.

222 2135 263 2190 35.
367 2124 475 2189 Prima
498 2161 538 2172 -
563 2124 705 2190 condicio
722 2122 901 2209 possidendi
924 2122 1002 2188 baec
1020 2127 1069 2188 est
1090 2121 1142 2188 acl
1165 2146 1221 2208 per
1236 2122 1374 2204 Italiam,
1398 2126 1455 2189 ubi
1557 2107 1560 2114 ¹

274 2231 382 2296 nullus
411 2253 487 2316 eger
510 2229 573 2295 est⁸
597 2230 804 2310 tributarius,
835 2230 889 2294 sed
912 2233 968 2293 aut
990 2229 1149 2294 colonicus
1172 2232 1229 2292 aut
1250 2229 1454 2314 municipalis

276 2340 332 2400 aut
355 2336 487 2400 alicuius
510 2335 632 2400 castelli
656 2339 712 2399 aut
736 2332 938 2400 conciliabuli
961 2336 1017 2398 ant
1040 2333 1140 2398 saltus
1165 2333 1292 2418 privati.
1338 2331 1401 2398 Ac⁴
1426 2335 1455 2399 si

274 2441 313 2505 ad
336 2442 515 2525 provincias
530 2441 744 2526 respiciamus,
767 2440 887 2505 habent
902 2460 996 2525 agros
1013 2437 1170 2504 colonicos
1186 2437 1454 2527 eiusdemffiuris,

272 2546 393 2611 habent
415 2551 446 2611 ot
468 2546 625 2611 colonioos
649 2544 703 2628 qui
719 2548 795 2609 sunt
810 2543 984 2624 inmunes⁶‚
1006 2544 1135 2625 habenti
1148 2549 1179 2608 et
1195 2544 1369 2609 colonicos⁷
1393 2545 1455 2610 sti·

272 2651 465 2734 pendiarios3
500 2650 622 2716 habent
654 2653 761 2715 autem
783 2648 964 2734 provinciae
986 2652 1017 2714 et
1045 2648 1249 2732 municipales
1273 2672 1367 2736 agros
1391 2655 1449 2716 aut

274 2756 452 2821 eivitatium
474 2757 724 2842 peregrinarum.

220 2881 261 2932 36.
360 2863 404 2927 ut
427 2861 754 2947 stipendiarios
777 2859 916 2944 [qudem
938 2858 1071 2924 dicimus
1093 2860 1140 2924 vel
1155 2859 1369 2945 tributarios⁸l
1393 2864 1450 2946 qui

272 2989 388 3031 nexum
411 2989 475 3031 non
498 2967 619 3032 habent
649 2988 751 3052 noque
774 2965 979 3050 possidendol
1009 2963 1050 3029 ab
1073 2964 1136 3030 alio
1159 2967 1269 3050 quaeri
1291 2972 1448 3052 possunt3

272 3071 510 3156 possidentur¹⁰
532 3076 640 3137 tamen
657 3071 834 3157 aprivatis‚
850 3070 904 3136 sed
920 3070 983 3136 alia
999 3070 1224 3148 condicione¹¹‚
1251 3075 1282 3136 et
1297 3077 1450 3154 veneunt,

272 3177 326 3241 sed
349 3199 406 3241 neo
429 3177 623 3260 mancipatio
648 3199 755 3242 eornm
779 3177 924 3263 legitima
946 3180 1052 3262 potest
1070 3199 1155 3255 esse;
1180 3178 1339 3262 possidere
1363 3181 1450 3245 enim

271 3281 336 3346 illis
361 3282 452 3365 quasi
474 3281 597 3347 fructus
620 3282 754 3347 tollendi
776 3305 870 3347 causa
889 3285 921 3347 et
936 3282 1118 3365 praestandi
1137 3282 1252 3348 tributi
1267 3284 1450 3350 condicione

271 3385 486 3452 concessum¹²
519 3391 576 3452 est.
622 3387 797 3454 Vindicaut
827 3392 936 3453 tamen
964 3389 1049 3452 inter
1075 3410 1108 3452 se
1137 3411 1201 3453 non
1232 3389 1336 3455 minus
1367 3390 1448 3457 fines

271 3515 308 3556 ex
333 3515 443 3579 aequo,
476 3515 512 3558 ac
536 3494 563 3557 si
585 3494 784 3578 privatorum
807 3515 975 3580 agrorum3
1000 3532 1042 3540 -
1065 3517 1137 3557 nam
1162 3498 1194 3558 et
1216 3497 1447 3562 controversias

271 3596 354 3661 inter
386 3620 419 3662 se
441 3598 520 3662 tales
544 3602 689 3676 movent,
723 3599 832 3683 quales
864 3597 898 3662 in
931 3598 1018 3684 agris
1041 3599 1225 3664 inmunibus
1258 3605 1290 3665 et
1312 3601 1447 3685 privatis

270 3699 374 3764 solent
405 3702 538 3767 evenire.
583 3700 771 3768 Videbimus
803 3706 930 3782 tamen,
962 3725 1003 3768 an
1035 3703 1221 3770 interdicere
1251 3705 1322 3790 quis
1344 3708 1447 3790 possit

273 3805 310 3870 de
332 3805 485 3870 eiusmodi
508 3807 747 3890 possessione¹⁸.
770 3845 814 3856 -

363 3945 387 4012 1)
407 3960 424 3997 a
443 3946 537 3998 vetere
563 3961 717 4015 possessore
735 3945 861 4013 Laetae„
887 3948 953 3999 ante
972 3961 1126 4016 possessore
1145 3945 1324 4013 stramiacus
1341 3949 1445 4017 codes),

270 4029 427 4099 antiquitus
447 4048 464 4084 a
481 4043 636 4100 possessore
654 4031 802 4101 Apennino.
827 4062 859 4070 -
889 4033 916 4100 2)
936 4034 967 4085 ut
981 4034 1126 4101 proposed
1143 4032 1255 4088 Loctm.
1278 4065 1306 4072 -
1328 4037 1355 4103 3)
1376 4053 1445 4105 ager

270 4119 323 4189 est]
344 4119 490 4189 aiugerum
508 4121 572 4175 Arc.
600 4152 633 4160 -
661 4123 690 4189 4)
710 4138 742 4175 ac
758 4121 822 4175 Are.
846 4151 872 4158 —
899 4121 928 4191 5)
946 4120 1078 4192 eiusdem]
1100 4121 1213 4190 quidem
1230 4123 1294 4178 Arc.
1314 4153 1341 4164 -
1361 4126 1388 4193 6)
1406 4125 1446 4179 aie

270 4207 396 4278 Rudorffi
416 4209 550 4264 colonicos
563 4208 739 4278 stipendiarii
757 4209 884 4278 quisunt
902 4209 933 4263 in
947 4225 1122 4265 communem
1131 4211 1195 4265 Arc.
1210 4241 1242 4251 -
1257 4213 1281 4281 7)
1293 4211 1444 4266 habentem

269 4299 297 4350 et
315 4296 420 4352 colonis
440 4297 504 4351 Are.
524 4329 557 4338 -—
576 4292 604 4367 8)
622 4296 784 4367 quidam'd.
804 4315 830 4352 u,
849 4299 885 4353 tr.
904 4314 953 4352 om,
972 4299 1036 4352 Arc.
1058 4329 1089 4337 -
1110 4298 1136 4368 9)
1156 4299 1316 4368 possidendi
1334 4303 1398 4357 Arc.
1410 4335 1442 4342 -

271 4384 313 4451 10)
340 4383 436 4452 quaeri
465 4388 580 4454 possunt
598 4385 787 4455 possidentur]
813 4403 898 4455 quam
918 4387 1063 4456 possident
1082 4387 1240 4456 possidente
1258 4390 1322 4444 Arc.
1346 4422 1373 4429 —
1401 4390 1443 4452 11)

268 4470 457 4527 condicionem
475 4472 539 4527 Arc.
558 4504 593 4512 -
617 4475 659 4542 12)
678 4473 802 4529 condicio
820 4491 949 4529 concessa
961 4476 1025 4530 Arc.
1046 4508 1079 4516 -—
1101 4478 1145 4545 13)
1164 4475 1363 4545 possessionem
1376 4480 1441 4534 Arc.
