3184 5156
652 353 739 424 Leges
756 353 860 424 regiae
1335 365 1356 432 3

181 532 265 616 quod
296 531 386 616 leges
417 529 485 594 sino
508 529 618 594 ordine
646 529 728 594 latas
756 529 791 592 in
814 551 913 594 uuum
935 534 1122 616 composuit.
1170 535 1220 601 11.
1244 535 1355 622 Pomp.

178 635 260 700 anob.
284 633 526 719 (D.1‚2„2‚36):
549 633 626 698 Fuit
648 670 690 680 -
712 632 746 696 in
769 633 880 718 primis
903 635 1023 719 peritus
1046 638 1181 706 Publius
1198 640 1356 727 Papirius,

179 741 236 824 qui
257 739 346 825 leges
368 738 474 824 regias
493 737 527 801 in
542 760 641 801 unum
657 738 801 803 contulit.
851 739 901 804 12.
925 737 1022 806 Dico.
1039 743 1143 828 (3‚36)
1153 743 1178 809 :¹
1204 743 1254 831 (Ὁ
1269 745 1355 831 Μάρ-

183 843 267 931 κιος)
299 842 502 928 συγκαλέσας
524 845 597 918 τοὺς
622 843 805 925 ἱεροφάντας
835 845 891 907 καί
912 846 969 920 τὰς
990 847 1061 931 περί
1083 857 1144 914 των
1168 848 1259 934 ἱερῶν
1282 873 1359 938 συγ-

179 950 316 1036 γραιροίς,
340 951 378 1024 δίς
400 947 573 1032 Πομπίλιος
596 947 818 1032 συνεστήσατο,
841 947 916 1033 παρ’
936 950 1040 1017 αὐτῶν
1058 952 1164 1042 λαβὼν
1179 955 1356 1042 ἀνέγραψεν

178 1059 222 1132 εἰς
245 1056 375 1131 δέλτους
405 1057 460 1119 καί
482 1055 667 1140 προῦθηκεν
691 1055 724 1118 ἐν
746 1055 859 1140 ἀγορᾷ,
882 1093 925 1105 -
949 1057 986 1131 ἃς
1008 1058 1220 1146 ἀφανισθῆναι
1242 1063 1355 1151 συνέβη

177 1172 222 1249 τῷ
244 1163 365 1248 χρόνῳ·
390 1199 431 1211 -
456 1163 535 1244 μετὰ
555 1160 591 1225 δὲ
612 1163 668 1245 τὴν
691 1159 827 1246 ἐκβολὴν
849 1169 911 1226 των
934 1161 1089 1249 βασιλέων
1113 1167 1155 1242 εἰς
1171 1169 1356 1256 ἀναγραφὴν

178 1268 331 1356 δημοσίαν
361 1267 454 1343 αὖθις
484 1267 633 1353 ἤχθησαν
662 1263 714 1329 ὑπ’
737 1265 851 1349 ἀνδρὸς
874 1265 1057 1350 ἱεροφάντου
1079 1268 1176 1335 Γαίου
1199 1270 1355 1360 Παπιρίου

176 1379 233 1461 τὴν
256 1373 402 1438 ἁπάντων
424 1381 487 1437 τῶν
512 1373 601 1455 ἱερῶν
617 1369 784 1456 ἡγεμονίαν
800 1371 937 1455 ἔχοντος.
984 1374 1034 1440 13.
1057 1374 1183 1442 Paulus
1196 1379 1240 1444 od
1254 1380 1274 1445 ί.
1290 1379 1354 1445 Iul.

177 1481 302 1564 ctPop.
327 1479 601 1564 (1).50,16,144)ι
633 1476 770 1543 Granius
792 1476 924 1542 Flaccus
947 1478 981 1542 in
1003 1479 1086 1545 libro
1108 1482 1146 1547 de
1168 1482 1237 1549 iure
1258 1483 1355 1570 Papi·

177 1588 269 1652 riano
291 1586 413 1667 scribit,
436 1585 587 1670 paelicem
608 1605 692 1648 nuno
708 1583 803 1668 volgo
819 1584 925 1648 vocari
949 1589 999 1650 cet.
1048 1587 1098 1652 14.
1121 1587 1264 1654 Macrob.
1281 1592 1353 1675 (aut.

176 1689 321 1778 3,11‚5):
343 1690 381 1756 ln
404 1690 576 1776 Papiriano
599 1726 644 1736 —
665 1689 734 1753 iure
755 1688 917 1756 evidenter
932 1689 1069 1756 relatum
1085 1696 1142 1775 est,
1165 1717 1239 1760 arae
1253 1696 1355 1761 vicem

176 1803 340 1884 praestare
374 1818 466 1883 posse
494 1818 636 1861 mensam
666 1794 814 1858 dicatam.
862 1796 911 1862 15.
947 1795 1077 1863 Seruius
1100 1798 1150 1886 (ιίι
1173 1799 1259 1885 Verp.
1274 1802 1352 1868 Aeo.

178 1905 332 1988 12‚836):
356 1904 440 1990 quod
455 1903 502 1968 ait
514 1900 704 1988 (Vergilius)
720 1898 850 1966 ‘morem
865 1903 1010 1988 ritusque
1025 1926 1187 1970 sacrorum
1199 1905 1352 1989 adiciam,

176 2013 245 2097 ipso
268 2009 367 2076 titulo
389 2009 469 2095 legis
491 2007 638 2093 Papiriae
660 2029 735 2072 usus
759 2011 817 2088 est,
841 2030 936 2092 quam
960 2009 1081 2076 sciebat
1101 2011 1140 2077 de
1158 2012 1225 2078 ritu
1246 2035 1353 2080 sacro-

177 2141 247 2184 rum
268 2115 475 2203 publicatam.

620 2346 645 2412 Ι.
692 2345 909 2414 ROMULUS.

586 2485 617 2555 a)
646 2486 707 2542 lus
735 2487 938 2555 publicum.

264 2611 294 2676 1.
319 2609 416 2675 Dico.
441 2608 555 2694 (2,9);2
578 2608 615 2675 Ὁ
632 2609 667 2674 δέ
681 2608 843 2694 Ῥωμύλος
866 2610 973 2697 ἐπειδὴ
997 2607 1131 2693 διέκρινε
1153 2611 1227 2684 τοὺς
1248 2610 1351 2694 κρείτ-

175 2739 246 2792 τους
276 2717 341 2780 ἀπδ
371 2722 433 2779 τῶν
464 2714 617 2799 ἡττόνων,
654 2714 834 2799 ἐνομοθέτει
865 2718 943 2799 μετὰ
971 2723 1064 2779 τοῦτο
1095 2716 1150 2779 καί
1182 2714 1348 2800 διέταττεν,

178 2824 283 2906 ἃχρη
306 2819 452 2904 πρέπειν
475 2818 662 2904 ἑκατέρους·
686 2823 758 2896 τοὺς
782 2819 837 2904 μέν
861 2819 1047 2904 εὐπατρίδας
1069 2818 1216 2905 ἱερᾶσθαί
1238 2841 1273 2885 τε
1296 2823 1351 2886 καί

177 2929 285 3012 ἄρχειν
308 2927 364 2989 καί
386 2923 535 3008 δικάζειν,
557 2926 630 2999 τοὺς
653 2923 688 2987 δὲ
710 2923 900 3009 δημοτικοὺς
922 2932 1189 3008 -γεωργεῖν-
1203 2926 1258 3013 καί
1272 2946 1350 3012 κτη-

175 3039 336 3116 νοτροφεῖν
356 3031 410 3094 καί
425 3032 481 3105 τὰς
496 3030 749 3114 χρηματοποιοὺς
765 3028 957 3113 ἐργάζεσθαι
970 3027 1093 3114 τέχνας.
1109 3067 1151 3076 -
1166 3050 1349 3115 παρακατα-

247 3226 273 3293 1)
291 3221 422 3293 (Marcius
440 3219 600 3275 convocatis
611 3219 789 3288 pontificibus
800 3236 941 3275 sacrorum
953 3219 1176 3286 commentarios,
1189 3237 1258 3289 quos
1266 3218 1347 3275 Pom-

176 3313 259 3385 pilius
284 3310 495 3381 composuerat,
524 3307 561 3362 ab
585 3307 652 3377 ipsis
682 3309 808 3377 acceptos
832 3307 939 3362 tabulis
957 3307 1098 3379 inscripsit
1117 3325 1218 3378 easque
1236 3307 1267 3362 in
1287 3307 1347 3364 foro

175 3399 328 3472 proposuit,
347 3415 420 3468 quae
439 3398 581 3452 vetustate
599 3396 715 3450 tandem
734 3395 901 3466 absumptae
919 3398 998 3462 sunt;
1018 3427 1051 3436 -
1069 3397 1134 3467 post
1152 3397 1263 3451 exactos
1282 3411 1348 3450 vero

176 3503 255 3556 reges
273 3485 376 3562 iterum
396 3485 508 3556 publice
526 3485 555 3538 in
573 3483 684 3537 litteras
703 3484 811 3538 relatae
829 3485 895 3539 sunt
913 3502 963 3555 per
975 3483 1077 3540 Gaium
1094 3483 1237 3554 Papirium
1255 3481 1349 3553 ponti·

172 3573 252 3629 ficem
272 3571 446 3642 maximum.)
474 3571 683 3642 Of.Irio.1‚32:
701 3570 794 3625 Ancus
812 3600 845 3610 -
864 3587 943 3626 sacra
961 3570 1075 3641 publica
1093 3572 1125 3623 ut
1143 3569 1179 3624 ab
1192 3569 1287 3624 Numa
1305 3568 1349 3623 in·

174 3661 278 3715 stituta
297 3662 394 3724 erant,
413 3677 446 3715 ex
464 3659 672 3716 commentariis
690 3659 775 3727 regiis
794 3659 955 3730 pontificem
973 3659 1004 3712 in
1024 3658 1120 3714 album
1137 3658 1230 3712 relata
1247 3675 1348 3728 propo·

172 3764 237 3802 nero
263 3748 294 3801 in
312 3747 425 3817 publico
443 3747 528 3803 iubet.
566 3747 651 3802 Dico.
670 3749 724 3815 5‚1:
752 3755 855 3815 πρῶτος
879 3753 954 3815 ἱερῶν
973 3749 1093 3813 βασιλεὺς
1119 3747 1177 3807 (rex
1195 3747 1348 3815 sacrorum)

171 3838 272 3900 Μάνιος
299 3838 434 3902 Παπίριος.
462 3865 496 3873 -
523 3837 551 3904 2)
570 3834 715 3904 (Romulus
739 3837 890 3905 postquam
915 3834 1037 3905 potiores
1060 3833 1096 3888 ab
1113 3831 1290 3889 inferioribus
1308 3851 1348 3889 se·

175 3923 273 3989 crevit,
291 3940 356 3978 mcx
374 3923 451 3993 leges
468 3921 536 3976 tulit
555 3923 597 3987 et,
622 3922 690 3991 quid
707 3923 834 3993 utrisque
853 3923 1012 3978 faciendum
1033 3923 1106 3977 esset
1123 3921 1273 3990 disposuit:
1297 3940 1346 3992 pa-

175 4010 250 4065 tricii
270 4009 433 4066 sacerdotiis
452 4013 481 4065 et
499 4009 716 4079 magistratibus
734 4011 918 4079 fungerentur
936 4012 966 4065 et
979 4009 1146 4073 iudicarent,
1166 4008 1269 4077 plebeii
1281 4025 1347 4066 vero

173 4115 255 4167 agros
273 4098 397 4153 colerent
416 4099 445 4152 et
464 4114 546 4168 pecus
565 4099 676 4153 alerent
693 4100 723 4153 et
736 4097 941 4153 mercennarias
960 4100 1035 4153 artes
1048 4098 1215 4152 exercerent.
1244 4096 1284 4151 Ut
1296 4096 1344 4152 de·

174 4184 298 4254 positum
327 4202 393 4241 vero
412 4184 595 4255 patriciorum
614 4186 679 4242 fidei
697 4185 836 4242 commisit
853 4185 988 4256 plebeios,
1013 4184 1180 4256 permittens
1197 4183 1345 4254 unicuique

172 4286 254 4338 quem
271 4270 332 4341 ipse
352 4271 406 4326 sibi
427 4273 516 4328 vellet
536 4274 640 4344 eligere
652 4276 811 4346 patronum,
829 4275 1015 4344 patronatum
1028 4272 1175 4343 appellans
1187 4271 1239 4326 hoc
1249 4273 1344 4342 patro·

171 4357 295 4428 oinium.)
326 4358 368 4428 Of.
393 4360 446 4416 (λό.
471 4361 503 4416 dc
519 4379 572 4431 rep.
590 4365 647 4431 2,9:
677 4361 820 4427 Romulus¹
840 4359 995 4416 -habuit
1019 4358 1131 4430 plebem
1149 4358 1179 4412 in
1198 4357 1344 4415 clientelas

173 4445 332 4518 principum
349 4446 526 4520 descriptam.

1098 4533 1137 4591 γε
