3256 5154
270 355 334 418 194
711 349 812 404 Edicto
829 349 1004 419 praetorum.

183 529 249 609 {3533
352 527 411 593 De
431 527 718 592 sotisdoodo¹.

175 635 266 714 vitiis
356 634 511 716 QuibuS
533 634 675 697 causis
693 632 1014 714 praeiudicium
1028 632 1144 715 fieri
1167 652 1245 695 ooo
1261 629 1440 714 oporteffl.

312 808 413 890 (Pars
436 808 486 873 Π.
510 807 561 874 De
582 809 665 872 iuris
687 809 826 887 assiliit,
851 827 931 890 quoe
952 806 1167 870 iurisdictione
1189 806 1406 889 seminentur.)

169 951 258 1030 titt:
357 949 410 1014 De
431 949 611 1015 iudiciis
634 947 855 1014 omnibus³.
894 947 922 1011 1.
945 946 1003 1011 De
1020 946 1443 1032 interrogationibus

270 1055 310 1118 in
339 1055 430 1120 iure
461 1053 712 1119 faciendis‘.
767 1052 829 1129 Qui
859 1054 893 1117 in
922 1054 991 1117 iure
1022 1052 1238 1137 interrogatus
1271 1052 1329 1134 (oo
1357 1052 1444 1116 teres

268 1159 315 1223 vel
336 1165 431 1241 quoto
454 1179 491 1223 ee
508 1164 602 1241 porte
624 1158 679 1240 sit)
702 1157 911 1242 responderit,
939 1155 989 1238 (io
1012 1178 1082 1222 eom
1103 1178 1141 1222 ee
1161 1177 1222 1222 seo
1243 1157 1444 1239 responsione

270 1264 422 1328 iodicium
443 1263 556 1349 depost
580 1313 710 1328 ......
733 1265 859 1328 omnino
881 1283 946 1328 noo
967 1263 1179 1345 respondisse⁸
1195 1312 1297 1327 .....

357 1369 387 1432 2.
420 1366 476 1432 De
497 1366 804 1434 iureiurandoi.
852 1365 886 1432 si
908 1367 936 1431 is
957 1388 1030 1432 oum
1053 1389 1117 1451 qno
1133 1371 1247 1452 agetur
1261 1366 1446 1432 eondioione

270 1473 376 1537 delata
397 1472 551 1536 iuraverit
574 1471 661 1554 (sive,
685 1493 754 1536 eom
776 1474 886 1537 iurare
902 1478 1040 1554 perotus
1063 1479 1147 1553 esset,
1169 1473 1394 1538 testeraodom
1414 1473 1445 1537 ei

271 1579 437 1642 remissum
452 1577 599 1663 feerit)⁸‚
623 1579 689 1644 eius
712 1579 767 1659 rei,
792 1579 830 1642 de
853 1601 917 1662 qus
939 1579 1156 1643 iusiurandum
1180 1578 1320 1643 delatum
1335 1577 1445 1657 fuerit,

270 1705 373 1767 neque
394 1684 430 1746 in
452 1683 557 1767 ipsum
587 1705 689 1768 neque
711 1684 745 1748 in
769 1705 839 1748 eum
871 1683 910 1748 ad
934 1706 1028 1768 quem
1050 1706 1088 1750 ee
1110 1706 1159 1749 res
1182 1684 1321 1768 pertinet
1343 1683 1443 1748 sotio·

270 1808 343 1850 nem
364 1786 462 1851 debo⁹
486 1833 594 1851 .....

359 1892 389 1955 3.
425 1892 598 1973 Quando
621 1911 707 1955 eom
724 1894 1071 1976 praescriptione
1092 1917 1203 1979 opere
1224 1893 1444 1977 oporteant

357 1995 388 2058 4.
418 1993 721 2061 Denoxelibns
745 1997 1039 2062 notionibus¹¹.
1200 1998 1442 2080 Siis‚incnins

271 2102 430 2182 potestate
453 2122 520 2165 esse
542 2100 682 2179 dioetm,
713 2102 845 2186 negabit
866 2124 900 2167 so
921 2103 955 2166 in
979 2126 1036 2168 sus
1058 2109 1215 2189 potestate
1237 2127 1363 2170 servum
1384 2105 1445 2169 he-

270 2204 364 2268 bere:
396 2208 504 2269 utrum
527 2209 614 2270 sotor
636 2204 739 2285 volet,
770 2205 820 2271 vel
842 2207 982 2273 deierare
1004 2208 1120 2276 iubebo
1150 2210 1184 2273 in
1207 2232 1265 2274 sus
1286 2213 1446 2293 potestate

273 2330 337 2373 non
360 2331 426 2374 esse
448 2331 550 2394 neque
572 2332 605 2375 se
627 2308 699 2374 dolo
722 2312 806 2376 malo
829 2311 955 2394 fecisse,
985 2335 1049 2397 quo
1071 2315 1177 2380 minus
1199 2319 1296 2394 esset,
1320 2313 1371 2379 vel
1393 2315 1444 2378 iu·

272 2413 389 2478 dicium
411 2413 493 2478 dabo
515 2414 582 2478 sine
603 2435 705 2478 noxae
727 2414 928 2483 deditioneffi.

206 2551 251 2608 .'.'
359 2519 414 2584 De
444 2517 701 2584 Publiciana
732 2520 775 2584 in
804 2544 887 2587 rem
918 2523 1094 2590 actione.
1141 2523 1175 2588 Si
1197 2525 1269 2610 quis
1289 2525 1333 2605 id,
1357 2525 1442 2609 quod

274 2673 380 2690 .....
386 2673 393 2704 ,
528 2647 567 2689 ex
592 2626 677 2690 iusto
702 2648 797 2691 eausa
824 2630 854 2692 'a
876 2629 1004 2694 domino
1027 2633 1059 2694 et
1085 2629 1225 2694 nondum
1252 2633 1443 2713 usueeptum

271 2732 368 2812 petet,
391 2729 543 2794 iudicium
569 2731 693 2796 duhest.
736 2732 822 2816 (Ei),
846 2735 901 2819 qui
924 2735 1008 2799 bons
1029 2734 1091 2799 fide
1107 2734 1193 2815 emit,
1218 2783 1329 2801 .....
1347 2732 1444 2820 (iudi-

272 2834 356 2898 cium
383 2835 522 2919 dnbo)¹⁴.

207 3020 213 3030 ι
247 2973 253 3029 3
362 2940 505 3007 Dehis
535 2943 606 3027 qui
633 2944 874 3008 deiecerint
900 2945 964 3010 vel
987 2945 1243 3011 effuderint.
1291 2943 1319 3009 1.
1351 2942 1445 3010 Unde

272 3043 306 3106 in
330 3066 402 3109 eum
424 3045 542 3127 locum,
573 3070 635 3133 quo
658 3050 753 3135 volgo
777 3050 840 3114 iter
862 3050 918 3116 fiet
940 3051 990 3117 vel
1012 3051 1046 3116 in
1069 3072 1133 3136 quo
1155 3050 1355 3129 consistetnr²
1391 3049 1445 3114 de·

273 3148 389 3214 ieotum
411 3150 462 3216 vel
484 3152 618 3218 effusum
642 3154 718 3238 quid
740 3155 811 3234 erit,
835 3160 991 3240 quantum
1013 3178 1052 3222 ex
1067 3177 1105 3221 es
1119 3178 1153 3221 re
1167 3156 1319 3220 damnum
1334 3153 1443 3218 datum

273 3252 433 3322 factumve
455 3258 525 3337 erit,
548 3259 581 3322 in
604 3281 686 3341 eum,
710 3262 765 3346 qui
787 3262 833 3326 ibi
855 3262 1058 3343 habitaverit,
1081 3263 1116 3326 in
1138 3260 1271 3344 duplum
1293 3260 1446 3325 iudicium

274 3357 365 3423 dabo.
411 3359 445 3426 Si
467 3383 504 3426 eo
526 3363 592 3427 ictu
614 3364 710 3431 homo
739 3366 820 3431 liber
845 3367 964 3451 perisse
986 3367 1125 3447 dicetur,
1155 3365 1329 3431 sestertios
1351 3365 1444 3448 quin-

361 3553 389 3621 1)
406 3555 442 3608 Ε.
461 3555 493 3608 P.
516 3572 546 3624 p.
565 3558 616 3609 105
632 3572 687 3626 sqq.
715 3587 750 3596 -
777 3556 804 3627 2)
823 3557 858 3612 Ε.
880 3557 911 3614 P.
927 3575 956 3628 p.
974 3561 1024 3612 110
1040 3574 1095 3628 sqq.
1123 3586 1158 3596 —
1186 3554 1213 3626 3)
1234 3554 1320 3610 Reor.
1338 3554 1376 3611 D.
1396 3557 1448 3623 5‚1.

276 3640 355 3697 Paul.
383 3649 448 3698 sent.
477 3647 542 3711 1,12.
586 3643 627 3712 Cf.
656 3643 691 3698 Ε.
712 3644 743 3697 Ρ.
768 3648 1010 3715 p.8‚25,112sqq.
1039 3676 1073 3685 -
1099 3645 1127 3715 4)
1156 3642 1241 3698 Reor.
1266 3642 1304 3698 D.
1325 3646 1389 3710 11,1.
1413 3672 1447 3682 —

276 3735 303 3800 5)
323 3729 361 3785 D.
380 3734 502 3799 11,1‚4‚1‚·
521 3734 610 3799 11‚1.2.
641 3762 670 3770 -
699 3731 726 3801 6)
745 3731 783 3786 D.
802 3735 926 3801 11,1,11,5
943 3734 987 3788 et.
1011 3736 1077 3802 ΠΛ.
1106 3763 1140 3772 -
1167 3730 1194 3801 7)
1216 3729 1301 3784 Reor.
1320 3728 1358 3784 D.
1376 3732 1447 3794 12,2.

277 3847 310 3856 -
336 3816 363 3887 8)
381 3816 419 3871 D.
437 3821 542 3886 12,2,6‚·
559 3820 609 3885 9,1.
637 3849 669 3858 -
697 3820 724 3888 9)
742 3818 780 3873 D.
798 3823 886 3888 12,2,3
899 3837 953 3890 pr„
972 3824 990 3875 7
1002 3837 1047 3890 pr.
1084 3819 1250 3888 Sequebetw
1275 3816 1389 3871 odinum
1416 3815 1449 3870 de

275 3905 387 3972 notione,
405 3921 473 3974 quoe
490 3922 523 3959 eoo
541 3922 622 3960 eausa
640 3907 822 3961 iorieoraooti
837 3909 1056 3963 accommodetur.
1093 3906 1131 3963 D.
1149 3909 1269 3974 12.2,9‚1.
1287 3935 1321 3945 -
1341 3903 1383 3974 10)
1404 3902 1448 3972 Os.

275 3992 310 4046 n.
331 3993 362 4048 P.
381 3997 397 4058 o
414 3995 447 4046 55
464 4010 519 4062 sqq.
540 4023 570 4034 «-
593 3993 635 4064 11)
655 3994 740 4050 soor.
759 3995 796 4050 n.
817 3998 868 4064 eo.
887 4025 920 4038 .-
942 3995 985 4066 12)
1003 3996 1042 4052 n.
1057 3997 1179 4063 spese.
1203 4023 1233 4034 -
1259 3991 1301 4061 13)
1319 3990 1358 4046 D.
1380 3993 1448 4058 oen

272 4097 333 4149 pe:
361 4081 392 4133 ‘si
414 4081 477 4150 quis
495 4081 524 4134 id
543 4085 616 4149 qnod
641 4083 765 4136 traditur
784 4100 817 4138 ex
840 4083 915 4138 iuste
934 4099 1018 4138 oense
1037 4100 1093 4137 non
1112 4100 1129 4136 a
1147 4080 1276 4137 domino'.
1313 4076 1367 4132 Sed
1383 4077 1449 4131 haee

276 4183 333 4221 oon
358 4185 411 4224 esse
437 4172 553 4241 pennino
572 4172 708 4240 praetem
733 4172 813 4226 verbo
836 4171 1009 4239 manufestum
1027 4175 1074 4224 est.
1110 4168 1201 4235 Lerni,
1218 4166 1304 4220 Beier.
1323 4180 1345 4218 s.
1365 4164 1402 4220 K.
1421 4163 1447 4218 d.

272 4265 348 4328 prot.
366 4259 421 4314 Ed.
444 4261 520 4326 1878,
543 4275 573 4327 p.
594 4261 634 4322 31,
653 4261 738 4314 eost:
766 4258 797 4312 ‘si
815 4258 876 4328 quis
894 4258 931 4324 id,
961 4257 1035 4328 qnod
1053 4257 1231 4324 mancipatus,
1258 4249 1397 4306 traditum
1415 4267 1449 4304 ex

275 4348 351 4404 iusta
369 4364 453 4402 cause
471 4364 489 4400 s
506 4345 635 4403 domino'.
671 4346 716 4401 De
726 4348 842 4401 oliorum
853 4347 960 4400 contest.
979 4343 1014 4413 es.
1033 4343 1096 4398 tiit
1112 4360 1141 4412 p.
1150 4345 1185 4396 10
1193 4356 1242 4409 sq„
1260 4338 1327 4408 He,
1341 4338 1447 4395 Psote.

277 4435 323 4490 Kz.
343 4438 418 4503 1874,
436 4437 553 4505 ps-s.
571 4464 602 4474 -
625 4434 669 4503 14)
687 4433 725 4488 n.
744 4435 864 4502 seen.
901 4432 1059 4488 sermnem
1076 4430 1190 4486 aomo
1207 4443 1231 4482 v.
1250 4424 1313 4482 eat.
1331 4427 1401 4496 eso.
