3184 5156
610 1098 915 1202 PRAEFATIO

447 1315 761 1385 nnrrronrs
799 1316 1070 1395 cururnn

240 1705 384 1816 Litteris
414 1751 446 1812 et
467 1746 576 1812 amicis
597 1749 768 1830 postquam
799 1749 925 1832 ereptus
954 1750 1003 1812 est
1025 1745 1161 1815 Carolus
1186 1743 1342 1831 dentulus

172 1876 296 1958 Bruna,
326 1873 439 1936 horum
463 1874 529 1949 est,
561 1874 598 1934 ut
620 1872 776 1954 quantum
798 1868 867 1933 fieri
890 1872 997 1954 potest
1026 1869 1060 1934 in
1082 1869 1210 1934 illarum
1233 1892 1340 1934 curam

172 2020 242 2062 eam
265 1995 443 2073 succedant,
467 1984 561 2078 quam
585 1993 653 2078 ipse
675 1991 897 2078 praestitisset,
920 1993 947 2056 si
961 1992 1031 2058 lata
1045 1993 1201 2059 sivissent.
1237 1992 1340 2070 Quam

173 2120 214 2184 ob
237 2141 305 2184 rem
326 2119 411 2184 iusta
433 2117 537 2184 facere
560 2116 678 2197 amico,
701 2115 790 2181 cuius
813 2136 915 2202 angor
937 2115 1100 2197 desiderio,
1124 2116 1270 2201 equidem
1292 2116 1340 2181 ita

173 2241 306 2319 decrevi,
329 2245 366 2306 ut
388 2241 525 2307 fontium
548 2241 627 2306 iuris
651 2239 788 2306 Romani
810 2240 944 2325 antiqui,
969 2262 1104 2324 quorum
1127 2263 1199 2307 cum
1213 2245 1341 2306 auctore

172 2367 244 2431 vivo
266 2369 431 2450 tamquam
456 2367 631 2432 communis
652 2365 733 2431 mihi
749 2387 825 2430 cura
839 2364 912 2444 tuit,
935 2363 1077 2427 futuram
1091 2364 1341 2448 recognitionem

174 2492 205 2553 et
226 2489 498 2554 continuationem
519 2494 594 2574 post
615 2491 682 2556 eius
705 2489 828 2555 obitum
849 2489 1057 2552 immaturum
1078 2488 1113 2551 in
1136 2509 1186 2552 me
1201 2488 1340 2573 suscipe·

173 2633 248 2676 rem.
289 2611 400 2678 Prodit
424 2613 526 2699 igitur
550 2614 616 2678 iam
637 2613 779 2699 syllogae
801 2612 867 2677 eius
891 2610 988 2677 editio
1010 2610 1123 2695 quinta
1155 2611 1233 2675 meis
1256 2611 1339 2675 curis

173 2737 265 2799 aucta
277 2737 309 2800 et
325 2734 473 2820 expolita.
502 2733 540 2799 In
556 2756 593 2800 ea
608 2756 703 2820 opera
717 2736 796 2800 duas
811 2756 860 2800 res
875 2736 999 2799 secutus
1014 2756 1095 2813 sum,
1109 2733 1249 2818 primum
1260 2736 1297 2797 ut
1307 2732 1341 2796 in

172 2879 342 2922 summare
360 2856 484 2943 sylloge
498 2857 572 2922 talis
587 2862 738 2939 maneret,
755 2859 880 2943 qualem
896 2862 1005 2923 auctor
1020 2880 1087 2923 esse
1101 2856 1212 2938 voluit,
1228 2857 1339 2923 deinde

171 2985 208 3046 ut
229 3003 309 3066 quae
330 2980 444 3065 ipsum,
467 2980 494 3046 si
517 2981 662 3059 vixisset,
691 2981 929 3046 emendaturum
951 2980 1000 3046 vel
1024 2980 1219 3046 adiecturum
1242 2980 1339 3046 fuisse

173 3125 355 3187 persuasum
370 3102 481 3182 habeo,
497 3123 533 3166 ea
546 3105 693 3186 postuma
703 3102 764 3167 hac
774 3075 870 3187 opera
881 3106 1080 3167 mutarentur
1095 3105 1127 3168 et
1139 3101 1338 3168 adderentur.

257 3221 370 3307 Itaque
392 3246 473 3308 quae
495 3246 533 3289 ex
555 3224 767 3290 monumentis
788 3224 918 3290 librisve
940 3225 1053 3311 selegit
1074 3225 1239 3306 Bromius,
1273 3226 1338 3291 suis

171 3347 248 3412 locis
277 3346 393 3431 reliqui
419 3347 525 3412 omnia
551 3370 652 3433 neque
679 3349 847 3433 quicquam
874 3347 998 3427 sustuli,
1029 3368 1221 3432 quamquam
1249 3353 1339 3414 erant

174 3490 253 3553 quae
282 3468 388 3534 omitti
409 3473 548 3554 possent.
594 3468 680 3535 Nam
708 3470 742 3534 in
762 3470 917 3536 'eiusmodi
945 3471 1067 3536 delectu
1089 3493 1160 3535 cum
1183 3470 1246 3536 alia
1269 3472 1339 3536 aliis

172 3591 347 3675 probentur
368 3595 401 3657 et
421 3593 455 3657 in
479 3593 588 3658 multis
611 3615 719 3658 acasu
736 3593 839 3678 magis
859 3616 955 3678 quam
971 3616 990 3658 a
1004 3593 1121 3659 iudicio
1136 3594 1239 3659 editor
1260 3615 1339 3678 pen·

172 3714 254 3794 deat,
277 3714 473 3780 committere
496 3714 594 3795 nolui,
617 3719 654 3780 ut
676 3736 756 3800 quae
778 3737 835 3798 per
859 3718 1010 3800 quattuor
1032 3714 1186 3781 editiones
1203 3715 1336 3781 circum·

175 3836 387 3915 feumtur,'in
409 3836 522 3921 quinta
543 3837 603 3901 hac
625 3836 885 3903 desiderarentur.

257 3960 285 4024 Ε
308 3959 467 4025 contrario
489 3982 594 4025 meum
616 3982 683 4026 esse
705 3960 893 4039 existimavi,
916 3963 954 4024 ut
969 3981 1050 4044 quae
1064 3959 1099 4023 in
1113 3959 1174 4025 hoc
1191 3961 1338 4026 volumen

171 4085 296 4166 recepta
317 4085 402 4162 sunt,
425 4082 472 4146 ita
494 4081 540 4147 ibi
554 4081 713 4168 legantur,
737 4086 774 4147 ut
789 4083 843 4167 qui
859 4105 895 4148 eo
909 4081 1014 4147 utitur
1029 4085 1115 4147 certo
1130 4081 1338 4150 fundamento

170 4204 299 4270 insistat
320 4226 421 4287 neque
443 4205 602 4270 erroribus
624 4205 850 4270 coniecturisve
872 4203 978 4269 tacitis
998 4204 1138 4272 fallatur.
1173 4204 1274 4282 Quam
1297 4207 1338 4272 ob

171 4351 237 4392 rem
267 4332 334 4393 tam
366 4332 570 4394 monumenta
599 4351 694 4414 quam
717 4332 883 4393 auctorum
914 4327 1000 4392 locos
1023 4327 1063 4391 ad
1085 4327 1201 4413 probas
1224 4328 1337 4393 editio-

170 4473 226 4515 nes
248 4451 294 4514 ita
316 4450 494 4536 recognovi,
518 4454 554 4515 ut
578 4455 734 4535 quatenus
756 4451 838 4517 liber
859 4451 1004 4536 pervenit
1026 4451 1145 4516 tradita
1168 4450 1261 4516 lectio
1282 4458 1338 4518 aut
