3190 5148
284 343 349 409 350
824 333 930 388 Festus.

290 516 430 594 delictis,
462 514 554 578 utin
576 513 750 577 maioribus
772 509 862 575 XXX
885 510 1012 588 bobus',
1040 531 1097 573 nec
1125 508 1211 573 hunc
1239 509 1327 571 ultra
1350 527 1463 569 nume·

285 646 357 686 rum
381 621 551 686 excedebat
577 619 746 695 multatio;
770 615 840 682 sed²
864 621 1071 700 posteaquam
1094 637 1166 678 aere
1188 615 1316 698 signato
1339 613 1389 675 uti
1418 612 1465 674 ci-

288 728 370 792 vitas
401 725 529 810 coepit⁸
569 747 746 809 pecoraque
779 723 957 787 multaticia
986 721 1132 786 incuria⁴
1165 719 1465 802 corrumpebantur,

290 834 373 897 unde
395 832 491 896 etiam
515 831 679 915 peculatus
701 831 819 894 crimen
841 828 989 910 usurpari
1012 831 1159 910 coeptum
1181 829 1240 902 cst,
1262 824 1349 887 facta
1367 821 1466 886 aesti-

288 937 388 1001 matio
421 936 575 1020 pecoralis
605 934 743 1013 multae,
776 939 808 998 et
829 934 926 997 boves
949 932 1089 996 centenis
1112 929 1246 1005 assibus,
1276 951 1352 992 oves
1374 927 1467 990 denis

291 1040 502 1106 aestimatae⁶.
548 1039 626 1104 Inde
648 1061 795 1123 suprema
826 1037 938 1115 multa,
966 1037 999 1099 id
1025 1040 1075 1099 est
1098 1035 1250 1113 maxima,
1284 1033 1468 1117 appellatur

289 1149 353 1211 tria
382 1146 472 1210 milia
505 1146 604 1221 aeris3
641 1146 719 1208 item
751 1143 895 1208 vicessis⁶
928 1142 1105 1206 minoribus
1139 1141 1272 1205 delictis.
1317 1139 1358 1203 L.
1384 1143 1466 1202 202.

291 1250 360 1334 (Os.
383 1251 548 1333 Maxima.)

296 1355 518 1421 Pacionem
551 1356 675 1440 antiqui
697 1356 861 1434 dicebant,
891 1377 988 1438 quam
1010 1376 1095 1418 nunc
1116 1353 1297 1438 pactionem
1319 1351 1467 1425 dicimus,

297 1462 379 1526 unde
402 1467 435 1527 et
455 1461 587 1545 pacisci'
610 1461 713 1525 adhuc
734 1465 767 1524 et
788 1459 883 1544 paco⁸
906 1461 940 1523 in
961 1482 1021 1523 usu
1039 1462 1191 1524 remanet
1237 1463 1274 1520 F.
1296 1462 1374 1521 250.

292 1566 374 1631 Pae
386 1567 509 1632 lices⁹
531 1605 585 1631 -.
631 1567 766 1652 Antiqui
788 1567 915 1651 proprie
934 1565 1037 1630 eam¹⁰
1053 1563 1222 1650 paelicem⁹
1243 1561 1468 1638 nominabant,

294 1695 376 1756 quae
407 1693 538 1736 uxorem
569 1671 701 1737 habenti
729 1673 880 1737 nubebat.
937 1671 995 1735 oni
1026 1671 1135 1758 generi
1167 1669 1336 1733 mulierum
1368 1667 1467 1730 etiam

295 1799 398 1861 poena
420 1777 594 1842 constituta
609 1782 657 1842 est
672 1800 691 1841 a
706 1776 814 1842 Numa
828 1776 986 1862 Pompilio
1001 1777 1094 1842 bac¹¹
1110 1776 1194 1860 lege:
1219 1772 1362 1838 ‘Paelexl
1378 1794 1470 1836 aram

296 1883 359 1946 eet?
404 1881 443 1947 P.
466 1880 583 1947 222.Ῑῖ

292 1987 513 2051 Pararium
536 2009 588 2052 aes
611 1985 833 2070 appellabatur
854 1986 897 2066 id,
920 1986 1005 2070 quod
1027 1986 1188 2070 equitibus
1211 1984 1328 2067 duplex
1343 2005 1403 2068 pro
1418 1981 1472 2045 bi-

295 2093 345 2156 nis
368 2091 457 2175 equis
480 2093 623 2156 dabatur.
671 2091 711 2154 P.
734 2096 813 2156 221.

296 2197 451 2261 Parcus
474 2197 571 2280 vulgo
594 2200 685 2281 pater
707 2199 763 2259 aut
784 2199 887 2259 mater
908 2195 1102 2279 appellatur;
1127 2194 1180 2258 scd
1195 2193 1274 2256 iuris
1297 2192 1472 2275 prudentes

299 2323 375 2365 avos
398 2303 430 2364 et
451 2322 603 2385 proavos,
633 2302 721 2366 avias
748 2305 780 2366 et
802 2301 949 2385 proaviae
971 2304 1140 2384 parentum
1163 2299 1292 2363 nomine
1315 2296 1472 2382 appellari

297 2403 449 2472 dicunt¹³.
489 2406 528 2470 P.
551 2412 630 2471 221.

297 2510 472 2589 Parret,
504 2511 588 2594 quod
611 2517 658 2577 est
680 2513 714 2576 in
737 2511 892 2590 formulis,
917 2511 1026 2576 debuit
1047 2515 1079 2575 et
1101 2511 1256 2596 producta
1277 2509 1385 2594 priore
1407 2508 1473 2592 syl-

297 2615 372 2680 laba
395 2617 597 2699 pronuntiari
618 2622 651 2682 et
665 2640 729 2682 non
745 2618 872 2704 gemino
886 2615 937 2680 r¹⁴
960 2617 1065 2694 scribi,
1088 2620 1125 2680 ut
1138 2616 1228 2680 fieret
1242 2616 1364 2699 ‘paret',
1387 2614 1475 2698 quod

297 2721 363 2786 et¹⁶
385 2721 567 2786 inveniatur
588 2727 625 2786 ut
640 2728 810 2808 comparet,
835 2726 977 2805 apparet.
1012 2721 1052 2786 F.
1068 2727 1146 2786 233.
1184 2717 1346 2784 Paret¹⁰
1369 2719 1473 2804 signi·

299 2826 374 2890 licat
396 2827 572 2909 apparebit.
620 2828 658 2895 P.
683 2834 762 2893 221.

297 2930 572 2995 Parricidii¹⁷
606 2937 787 3016 quaestores
810 2933 1070 3016 appellabantur,
1101 2931 1157 3014 qui
1187 2929 1333 2994 solebant
1366 2929 1471 2992 creari

300 3058 395 3100 causa
418 3059 522 3102 rerum
545 3037 730 3122 capitalium
753 3038 1012 3122 quaerendarum.
1051 3035 1135 3100 Nam
1150 3035 1309 3119 parricida
1323 3056 1389 3098 non
1405 3034 1472 3096 uti-

303 3142 424 3225 queis,
456 3143 511 3226 qui
533 3146 696 3226 parentem
719 3143 900 3223 occidisset,
930 3144 1109 3219 dicebatur,
1142 3141 1195 3205 sed
1219 3141 1476 3224 qualemcunque
1574 3137 1575 3208 ἦ

299 3283 334 3290 ...-

390 3366 416 3434 1)
443 3365 594 3421 maioribus
619 3366 754 3422 ambobus
782 3365 930 3436 (ambabus
949 3365 986 3436 R)
1015 3365 1140 3420 traditio.
1177 3365 1251 3418 Pria.
1270 3365 1296 3418 b.
1315 3367 1477 3428 n.18,3,11:

303 3452 439 3507 Multatio
458 3468 567 3520 quoque
585 3469 641 3506 non
661 3452 715 3506 nisi
734 3452 826 3508 ovium
846 3453 985 3521 boumque
996 3452 1138 3522 impendio
1150 3450 1305 3515 dicebatur,
1323 3469 1382 3506 non
1393 3451 1478 3506 omit-

303 3540 391 3595 tenda
409 3540 564 3610 priscarum
582 3539 677 3608 legum
690 3538 890 3594 benivolentia.
919 3539 1040 3593 Cautum
1051 3539 1155 3609 quippe
1167 3539 1217 3602 est,
1237 3555 1272 3591 ne
1284 3539 1387 3593 bovem
1398 3539 1477 3608 prius
1503 3583 1508 3594 .

303 3645 391 3698 quam
408 3643 488 3682 ovem
507 3626 673 3691 nominaret,
691 3627 739 3696 qui
758 3626 894 3681 indiceret
912 3628 1040 3682 multam.
1071 3627 1113 3695 Of.
1133 3627 1186 3682 Gir.
1204 3643 1289 3696 cupra
1303 3643 1332 3696 p.
1353 3629 1478 3681 341a.8

306 3717 343 3771 ad
359 3733 384 3769 o.
402 3715 553 3784 locupletes
572 3715 615 3769 eit.
644 3745 676 3753 -
705 3716 732 3783 2)
750 3714 797 3768 sed
817 3714 905 3782 Mau,
934 3733 1006 3783 quae
1025 3715 1091 3784 QR.
1113 3745 1140 3754 -
1162 3715 1190 3783 3)
1210 3714 1302 3784 coepit
1321 3714 1422 3768 civitas
1443 3714 1478 3768 R.

302 3802 376 3856 Plau.
396 3803 414 3856 l.
433 3818 469 3856 c:
498 3799 609 3854 Servius
628 3819 676 3856 rex
694 3801 786 3857 ovium
806 3803 945 3872 boumque
962 3803 1055 3872 effigie
1072 3803 1179 3872 primus
1198 3819 1244 3857 aes
1262 3802 1398 3871 signavit.
1436 3803 1478 3856 Id.

305 3893 425 3957 33,3,43.·
444 3889 556 3942 Servius
574 3906 622 3942 rex
640 3889 747 3958 primus
765 3889 891 3958 signavit
903 3907 963 3955 aes;
984 3892 1069 3944 antea
1080 3890 1144 3944 rudi
1156 3907 1218 3945 usos
1228 3889 1335 3945 Romae
1347 3890 1478 3945 Timaeus

304 3977 404 4031 tradit.
440 3975 590 4045 Signatum
614 3979 657 4030 est
681 3980 749 4032 nota
767 3978 919 4046 pecudum,
948 3978 1021 4032 unde
1039 3982 1068 4032 et
1086 3979 1205 4047 pecunia
1225 3977 1380 4046 appellata.
1399 4009 1434 4018 -
1453 3980 1478 4044 1)

304 4063 447 4118 mulctitia
466 4065 527 4131 (orn.
546 4063 664 4134 incuria)
684 4063 719 4132 R,
737 4064 864 4118 multitia
883 4067 933 4120 aut
947 4065 1056 4119 incuria
1067 4065 1097 4134 Q.
1115 4097 1150 4105 —
1169 4067 1196 4134 5)
1208 4064 1378 4121 exstimatae
1391 4067 1426 4121 R.
1446 4097 1478 4106 -

305 4154 332 4215 6)
351 4151 448 4205 uicesis
461 4150 492 4220 Q,
511 4152 596 4205 uicies
609 4151 643 4205 R.
667 4183 695 4190 -
717 4154 742 4219 7)
762 4151 868 4221 pacisce
884 4153 940 4206 eod.
961 4183 992 4191 —
1012 4153 1039 4221 8)
1057 4169 1142 4221 paceo
1154 4153 1210 4208 cod.
1229 4183 1263 4192 ——
1283 4154 1311 4220 9)
1328 4153 1433 4222 pelices
1444 4182 1480 4193 -

303 4237 421 4306 pelicem
443 4268 476 4276 —
498 4238 579 4306 pelex
605 4239 675 4294 labri.
705 4270 739 4278 -
766 4240 808 4310 10)
833 4257 895 4295 eam
913 4241 1024 4310 proprie
1046 4242 1075 4295 Τ.
1095 4272 1127 4280 -
1148 4243 1191 4309 11)
1211 4258 1244 4295 ac
1262 4241 1296 4296 G.
1314 4271 1351 4282 —
1371 4242 1416 4313 12)
1437 4242 1478 4310 0).

304 4340 390 4392 supro
405 4341 434 4392 p.
453 4327 499 4391 8‚2
516 4343 541 4378 a.
561 4329 585 4378 3.
615 4357 643 4364 —
668 4328 710 4396 13)
728 4327 859 4381 dicuntur
878 4328 910 4382 G.
931 4360 964 4367 —
986 4329 1028 4398 14)
1046 4327 1223 4397 geminorum
1242 4330 1298 4385 cort
1317 4361 1353 4370 κ-
1376 4331 1418 4402 15)
1438 4331 1479 4385 est

307 4411 363 4468 cod.
382 4441 418 4450 -
436 4412 479 4478 16)
492 4415 589 4482 parret
607 4412 678 4466 MT.
698 4444 731 4452 —-
752 4416 795 4481 17)
812 4417 916 4485 parrici
934 4417 1004 4472 latri.
