3194 5154
590 361 646 416 Lex
666 361 747 414 lunia
765 361 889 416 Vellaea.
1265 366 1327 430 115

156 562 232 605 neve
249 539 321 623 quis
338 559 447 602 eorum
463 537 535 602 dolo
550 537 637 601 malo
653 537 753 602 sciens
769 560 918 622 sponsam
934 561 1102 605 uxoremve
1118 561 1187 604 eam
1202 540 1329 605 habeto.

239 643 306 720 (Vl)
330 643 458 718 (Paulus
478 644 497 700 l.
518 642 561 700 Π
576 643 616 700 ad
637 643 655 699 l.
676 642 788 700 Iulium
809 647 836 701 et
856 643 1022 718 Pupiamb)

243 739 307 816 oui
328 740 495 805 libertinos
527 740 606 805 duos
628 739 774 824 pluresve
805 761 824 804 a
846 761 880 804 se
901 737 1043 824 genitos²
1066 743 1196 805 nataeve
1218 741 1252 805 in
1274 764 1331 806 sua

157 839 319 931 potestate
341 845 482 924 habebit,
502 849 629 928 praeter
652 867 733 923 eum,
757 845 812 929 qui
827 848 926 909 artem
943 845 1096 909 ludicram
1112 845 1221 911 feeerit
1237 848 1330 932 quive

156 975 268 1038 operas
293 975 377 1031 suaa,
400 956 437 1016 ut
460 974 531 1016 oum
553 951 663 1016 bestiis
686 952 854 1037 pugnaret,
878 948 1045 1013 locaverit:
1069 972 1109 1014 ne
1132 951 1203 1035 quia
1222 973 1330 1016 eorum

155 1079 267 1142 operas
300 1056 376 1122 doni
389 1057 530 1122 muneris
545 1055 686 1122 aliudve³
711 1056 878 1139 quiequam
901 1053 1059 1118 libertatis
1082 1076 1176 1118 eausa
1196 1058 1331 1139 patrono

155 1168 312 1248 patronae
328 1162 475 1227 liberisue
490 1183 608 1241 eorum,
631 1160 798 1246 dequibus
819 1158 971 1223 iuraverit
986 1157 1036 1222 vel
1051 1159 1233 1242 promiserit
1247 1160 1330 1224 obli-

153 1273 289 1354 gatusve
317 1267 389 1346 erit,
412 1267 486 1331 dare
507 1265 610 1330 facere
632 1269 793 1350 praestare
816 1265 938 1329 debeto.

234 1369 336 1448 (xm)
364 1370 512 1444 Ulpianus
532 1371 551 1428 l.
562 1370 624 1428 III
638 1370 679 1428 ad
699 1371 717 1427 l.
732 1369 845 1427 Iulium
866 1371 894 1426 et
907 1367 1064 1440 Puplum⁴s
1083 1367 1166 1437 Quod
1187 1368 1229 1426 ait
1250 1369 1332 1446 lexz)

242 1467 384 1532 Divortii
406 1465 544 1531 faciendi
565 1470 706 1550 potestas
730 1465 872 1544 libertae,
897 1486 977 1549 quae
999 1469 1100 1549 nupta
1122 1470 1171 1531 est
1185 1470 1331 1549 patron0‚

156 1596 196 1638 ne
222 1576 303 1652 esto,
328 1571 478 1657 quamdiu
500 1575 652 1654 patronus
676 1593 745 1635 eam
766 1593 896 1635 uxorem
920 1592 986 1634 esse
1001 1571 1086 1635 volet
1110 1569 1262 1657 ..luovel
1278 1571 1328 1635 in-

160 1681 227 1744 vito
250 1677 403 1763 patrono⁶
428 1675 494 1763 [alii
516 1678 634 1742 nubere
656 1680 796 1761 potestas
819 1672 910 1760 esto]

237 1782 391 1862 (XXXlV)
413 1784 498 1858 (Ut).
510 1784 528 1841 l.
545 1783 613 1841 VII
622 1783 662 1841 ad
672 1783 690 1840 l.
701 1781 1019 1853 solabamur.-
1039 1779 1070 1838 Si
1081 1781 1333 1840 vero-maritus

162 1880 290 1939 dotalem
311 1899 429 1940 servum
451 1877 604 1938 voluntate
624 1879 688 1936 eius
709 1877 865 1954 (mulieris)
885 1877 1099 1950 manumiserit,
1120 1913 1159 1920 —
1179 1877 1222 1936 ait
1241 1877 1313 1952 lex:)

250 1978 409 2062 ...quod
432 1977 472 2041 ad
495 1998 565 2041 eum
587 1975 742 2059 pervenit,
765 1979 797 2040 et
819 1976 846 2040 si
869 1974 941 2039 dolo
963 1976 1047 2040 malo
1071 1976 1193 2061 aliquid
1212 1975 1332 2040 laetum

160 2088 217 2164 eat,
241 2083 411 2168 quominus
434 2082 475 2146 ad
497 2103 568 2146 eum
590 2081 764 2164 perveniat,
788 2083 960 2163 ..quanta
974 2081 1107 2163 pecunia
1122 2082 1193 2160 erit,
1208 2084 1332 2144 tentam

160 2189 326 2272 pecuniam
348 2187 431 2252 dato

355 2380 406 2443 24.
438 2378 520 2443 Lex
543 2376 667 2442 Iunia
689 2374 884 2456 Vellaeo,
908 2401 936 2442 a.
960 2376 1001 2442 27
1025 2400 1057 2461 p.
1081 2376 1142 2442 cst.

238 2535 262 2594 Ι.
292 2533 448 2612 (Scaevoia
469 2536 488 2593 l.
516 2535 565 2593 VI
579 2539 706 2607 quaest:
735 2534 822 2592 Nune
842 2533 878 2592 de
899 2533 964 2610 lege
984 2533 1089 2594 Vellea
1109 2533 1273 2608 videamus,
1294 2571 1332 2580 -

164 2633 194 2690 et
214 2631 335 2690 videtur
354 2631 484 2705 primum
504 2632 595 2704 eaput
615 2649 663 2689 eoa
685 2635 823 2704 spectare,
844 2630 897 2705 qui
918 2635 969 2690 oet.
1010 2631 1058 2689 Ita
1078 2631 1168 2690 verba
1188 2635 1286 2710 sunu)

249 2726 312 2804 Qui
336 2727 427 2812 [civis
450 2726 614 2792 Romanus
637 2727 813 2811 posthanc
836 2728 939 2814 legem
962 2725 1138 2815 rogatam⁸]
1162 2731 1333 2794 testamen·

162 2837 230 2897 tum
261 2833 375 2912 faciet,
408 2833 436 2896 is
463 2855 570 2897 omnes
600 2833 702 2896 virilis
724 2854 833 2912 sexus,
866 2833 922 2918 qui
944 2833 974 2898 ei
995 2856 1070 2898 suus
1092 2832 1182 2897 heres
1205 2833 1333 2899 futurus

163 2938 249 3019 erit⁰‚
275 2937 417 3022 [heredes
434 2937 625 3002 instituendi
649 2937 891 3024 (nominatimve
906 2937 1129 3019 exheredaudi)
1144 2942 1337 3021 potestatem

162 3041 329 3121 habeto¹03
353 3044 471 3128 quique
492 3043 622 3108 heredes
646 3043 788 3108 instituti
810 3041 1043 3126 (exheredative
1063 3039 1157 3128 ita)'¹¹
1180 3048 1283 3124 erunt,
1309 3045 1336 3109 ai

234 3220 261 3285 1)
279 3217 317 3270 D.
336 3220 446 3285 38,1,37‚
461 3234 506 3286 pr.
528 3247 562 3256 -
580 3217 607 3286 2)
626 3216 682 3270 Mo.
701 3218 783 3270 eoot:
802 3232 835 3271 ex
847 3233 875 3271 se
888 3216 1020 3286 (ghotos.
1039 3247 1073 3256 -—
1091 3218 1120 3287 3)
1139 3217 1252 3272 aliudve
1270 3217 1337 3273 doni

163 3303 286 3358 muneris
305 3307 372 3358 oour'.
392 3304 548 3359 Mommsen.
567 3336 601 3344 -
619 3306 645 3372 4)
663 3304 701 3356 D.
711 3308 818 3372 24,2‚11
832 3321 877 3374 pr.
887 3309 910 3358 1.
931 3335 965 3344 -
979 3304 1006 3374 5)
1024 3305 1100 3358 Haec
1111 3305 1190 3358 oudo
1205 3322 1237 3358 er
1249 3306 1337 3359 eodem

168 3392 228 3461 Uip.
248 3392 317 3445 labro
328 3391 484 3459 reseraretur
500 3394 531 3445 iu
543 3391 581 3446 D.
590 3394 731 3459 23‚2,45,5,
745 3393 901 3460 maemtaar'a
912 3392 1010 3444 oerbe's:
1028 3391 1134 3446 Deinde
1147 3391 1189 3444 ait
1200 3392 1253 3459 lex,
1269 3409 1337 3461 quae

164 3481 333 3548 replicamur
346 3480 483 3547 praumato
500 3480 557 3532 uuo
576 3480 633 3533 loca.
652 3509 688 3518 -
705 3480 733 3549 6)
750 3478 788 3532 D.
798 3481 913 3546 24,3‚64,
927 3496 972 3547 pr.
992 3481 1086 3533 6.7.10.
1123 3479 1266 3548 Perperom
1284 3480 1335 3533 edr'·

163 3573 232 3621 tores
245 3584 275 3636 p.
294 3570 342 3620 114
359 3584 387 3620 n.
405 3571 439 3620 14
458 3568 513 3622 ortt.
537 3582 626 3621 orauee
643 3566 715 3620 burro
732 3567 818 3620 laeum
835 3582 891 3619 uon
908 3565 940 3619 de
957 3581 1031 3620 seruo
1054 3567 1217 3621 manumisso
1238 3566 1284 3621 sed
1306 3566 1338 3620 de

163 3657 289 3709 autumo
311 3654 372 3708 dote
393 3655 588 3708 intonuerunt.
618 3685 650 3695 —
679 3655 703 3718 7)
728 3654 837 3708 Videtur
854 3655 918 3708 haee
942 3655 985 3707 leur
1006 3655 1150 3708 roobaimo
1167 3669 1338 3720 caereorum,

164 3759 230 3810 quae
249 3742 286 3795 ud
299 3742 431 3811 populum
449 3742 520 3796 latae
536 3749 614 3810 aaut,
640 3743 739 3796 solidet
755 3744 901 3811 unperaute
921 3743 1025 3796 Tuberto
1046 3760 1071 3798 a.
1092 3745 1145 3795 780
1177 3744 1224 3809 (27
1237 3758 1267 3810 p.
1287 3740 1337 3808 0.).

167 3829 208 3896 Of.
228 3830 287 3884 Mo.
307 3831 344 3884 ud
361 3831 398 3884 D.
411 3833 552 3899 26‚2,10,2.
589 3831 703 3886 Restant
716 3832 841 3899 furatula
858 3837 964 3885 tautum
990 3830 1119 3898 quaedum
1147 3831 1177 3883 ab
1203 3829 1240 3882 D.
1264 3832 1337 3895 28,2,

163 3920 292 3986 29‚12.14‚
319 3917 416 3986 quotue
441 3919 596 3987 aoqrplmdr'a
622 3935 729 3988 operum
758 3918 900 3973 dederam.-
928 3917 1138 3971 Muetlmbruct
1157 3915 1278 3983 (Glueolr,
1295 3917 1338 3981 36,

164 4007 314 4072 202-36),
339 4004 483 4074 Vuoqerow
501 4006 600 4073 (Paad.
619 4008 722 4074 2,220),
742 4005 818 4059 Leiat
836 4005 907 4069 (buu.
923 4020 993 4073 poas.
1012 4007 1111 4072 2‚241),
1129 4003 1250 4058 Schmidt
1270 4002 1339 4069 (No-

165 4093 262 4148 tterbr.
273 4095 400 4156 30-34).
428 4092 517 4147 Aliter
534 4110 580 4164 eqo
598 4093 686 4163 οὒτ’).
702 4094 782 4162 leuem
798 4095 936 4147 restituere
952 4097 1063 4146 oouutuo
1079 4107 1146 4145 auru.
1170 4121 1197 4130 -
1218 4090 1245 4155 8)
1264 4089 1340 4144 Haec

165 4187 214 4236 aut
230 4182 333 4235 armabit
349 4182 429 4236 verba
447 4181 570 4235 αᾱᾱεπάα
586 4180 738 4249 ενῳροάόιαῖ
756 4182 798 4234 leo
816 4179 955 4242 Putridae,
978 4195 1063 4248 supro
1075 4196 1104 4246 p.
1124 4183 1181 4232 110.
1206 4207 1239 4216 —
1258 4178 1285 4244 9)
1303 4176 1339 4228 Iu

166 4269 230 4340 Dry.
256 4270 300 4324 bio
325 4269 436 4325 additur
458 4271 487 4324 et
505 4271 611 4335 uetera,
639 4274 703 4322 tuno
719 4273 866 4336 aequaretur
884 4268 980 4336 rupetra
997 4267 1076 4319 uerba
1094 4271 1210 4320 extrem
1227 4262 1338 4318 etiamsi

167 4363 214 4412 cet.
244 4388 277 4398 —
309 4357 353 4424 10)
374 4357 408 4410 L.
426 4360 462 4411 29
480 4358 524 4410 eit.
541 4361 558 4422 ἕ
576 4358 621 4408 15:
647 4355 787 4424 superiore
814 4355 906 4423 capite
927 4357 960 4408 ut
985 4353 1069 4408 lioeat
1087 4352 1199 4407 institui
1217 4349 1339 4407 nondum

166 4447 262 4510 natos,
291 4444 340 4514 qui
358 4461 419 4499 oum
439 4446 589 4500 nascentur
607 4443 650 4496 sui
668 4446 758 4509 erunt,
786 4441 928 4513 permittit
946 4443 1020 4512 (lex).
1038 4471 1073 4480 -
1095 4442 1138 4510 11)
1156 4439 1193 4494 D.
1211 4441 1341 4506 28,3‚3,1:

1091 4529 1131 4584 8*
1208 4568 1210 4574 ι
