3190 5148
280 359 344 426 406
804 354 934 412 Isidorus.

281 534 406 599 iudiciis
430 533 595 611 diceretur,
622 531 748 596 librarii
769 533 945 600 scriberent
967 535 1144 620 complures
1167 537 1263 602 simul
1285 538 1458 612 adstantes

287 638 396 702 divisis
419 638 503 703 inter
526 660 558 703 se
581 637 737 722 partibus,
760 643 839 722 quot
862 641 997 724 quisque
1019 640 1116 706 verba
1138 648 1170 708 et
1193 665 1256 727 quo
1272 643 1382 708 ordine
1404 665 1459 708 ex·

286 745 412 828 ciperet.
459 742 579 808 Romae
601 742 723 827 primus
746 741 870 809 Tullius
894 742 986 825 Tiro,
1011 744 1169 812 Ciceronis
1192 748 1342 826 libertus,
1372 768 1460 811 com-

282 852 445 913 mentatus
468 852 516 912 est
538 852 642 926 notas,
667 847 721 912 sed
742 851 870 913 tantum
891 852 1171 935 praepositionum.
1219 853 1249 918 2.
1287 851 1365 917 Post
1388 875 1460 917 eum

281 952 458 1037 Vipsanius
482 951 693 1037 Philargyrus
717 956 749 1017 et
765 953 893 1036 Aquila,
914 954 1048 1020 libertus
1064 956 1267 1038 Maecenatis,
1284 958 1364 1022 alius
1381 958 1460 1023 alias

284 1058 491 1135 addiderunt;
528 1053 640 1122 deinde
669 1056 848 1123 Seneca-
879 1059 983 1125 effecit
1013 1083 1092 1146 opus
1123 1063 1157 1126 in
1188 1064 1328 1148 quinque
1360 1064 1458 1128 milia.

285 1161 390 1228 Notae
413 1167 518 1228 autem
542 1163 644 1227 diotae
661 1185 718 1251 leo,
751 1164 835 1248 quod
858 1166 955 1229 verba
977 1167 1028 1230 vel
1050 1168 1189 1250 syllabas
1211 1169 1360 1252 praefixis
1383 1169 1460 1232 cba-

287 1267 463 1333 raoteribus
485 1272 598 1332 notent
628 1272 660 1332 et
682 1268 722 1332 ad
744 1269 894 1333 notitiam
915 1270 1090 1355 legentium
1113 1277 1270 1354 revocent,
1301 1296 1380 1357 quas
1405 1273 1462 1357 qui

290 1374 467 1438 didicerunt
489 1373 617 1457 proprie
639 1374 702 1438 iam
724 1375 841 1439 notarii
865 1375 1103 1459 appellantur.1.

286 1607 418 1648 suorum
443 1589 537 1648 notae
559 1589 644 1664 sunt,
668 1607 730 1668 quo
753 1587 883 1670 scriptio
904 1586 1013 1651 celeris
1028 1588 1216 1671 breviorque
1231 1588 1298 1652 fiat
1334 1586 1461 1653 Scribe-

285 1690 364 1754 bant
388 1694 494 1754 autem
515 1689 605 1767 verbi
627 1691 733 1775 gratia
755 1713 811 1774 per
835 1691 861 1754 B
885 1691 961 1756 era
985 1693 1113 1758 ‘bonum
1136 1695 1278 1774 factum,
1302 1717 1359 1776 per
1381 1691 1402 1758 S
1428 1697 1461 1758 et

286 1794 310 1859 C
341 1796 479 1858 ‘senatus
502 1795 707 1874 consultum,
737 1818 795 1880 per
817 1794 847 1859 R
870 1799 902 1860 et
923 1793 950 1859 P
982 1800 1040 1862 ‘res
1063 1798 1216 1880 publioa',
1246 1820 1303 1881 per
1326 1797 1352 1862 P
1375 1803 1406 1863 et
1429 1797 1461 1861 R

289 1900 434 1982 ‘populus
458 1895 641 1978 Romanus',
665 1922 721 1983 per
742 1899 772 1964 D
795 1899 868 1965 etT
892 1900 1090 1979 dumtaxat,
1113 1924 1169 1985 per
1185 1903 1332 1986 supinam
1352 1919 1378 1970 w
1403 1902 1462 1966 lit·

287 2008 387 2068 teram
411 2003 555 2083 ‘mulier'‚
580 2026 636 2087 per
652 2003 678 2069 P
700 2005 870 2069 secundum
886 2009 1034 2070 naturam
1051 2006 1221 2090 pupillus,
1237 2029 1294 2091 per
1309 2005 1335 2069 P
1351 2029 1462 2071 averso

285 2109 388 2194 capite
411 2109 564 2192 ‘pupilla'‚
598 2132 776 2193 perunum
799 2110 830 2174 Κ
854 2109 986 2193 ‘kaput’‚
1010 2133 1066 2194 per
1089 2113 1150 2176 duo
1173 2111 1236 2176 KK
1258 2111 1367 2176 iuncta
1390 2113 1462 2175 ‘lra-

284 2216 424 2280 lumniac
456 2216 578 2295 kausa,
611 2239 668 2300 per
690 2215 707 2280 I
728 2215 810 2281 ern
842 2216 946 2280 ‘iudex
973 2219 1061 2294 esto’‚
1091 2239 1147 2301 per
1169 2216 1198 2281 D
1221 2219 1253 2281 et
1275 2215 1310 2280 M
1341 2217 1461 2281 ‘dolum

287 2318 443 2384 malum’2.
490 2323 519 2386 2.
553 2320 649 2385 Cuius
672 2321 797 2405 generis
819 2321 976 2405 plurimae
999 2321 1177 2386 consimiles
1200 2325 1294 2386 uotae
1318 2321 1352 2384 in
1368 2321 1462 2387 libris

288 2425 427 2510 antiquis
450 2427 664 2491 inveniuntur.
710 2426 778 2490 Has
800 2426 879 2490 iuris
901 2430 994 2492 notas
1016 2426 1131 2491 novicii
1152 2426 1356 2509 imperatores
1373 2447 1392 2488 a
1407 2447 1462 2489 co-

288 2531 408 2596 dicibus
432 2531 539 2615 legum
563 2531 732 2595 abolendas
755 2535 938 2610 sanxerunt,
963 2531 1038 2615 quia
1053 2531 1172 2595 multos
1195 2552 1251 2613 per
1271 2529 1329 2594 has
1353 2529 1462 2594 callidi

288 2637 417 2720 ingenio
445 2637 630 2719 ignorantes
655 2635 866 2719 decipiebant,
901 2640 997 2720 atque
1027 2636 1074 2699 ita
1096 2636 1257 2700 iusserunt
1279 2635 1462 2700 scribendas

287 2741 320 2804 in
344 2741 469 2825 legibus
492 2741 626 2819 litteras,
659 2743 696 2804 ut
717 2741 822 2806 nullos
846 2763 980 2820 errores,
1011 2740 1117 2804 nullas
1140 2742 1290 2826 ambages
1313 2740 1461 2819 afferant,

289 2848 343 2911 sed
366 2847 524 2931 sequenda
547 2849 579 2910 et
601 2845 731 2909 vitanda
754 2849 862 2929 aperte
885 2845 1110 2911 demonstrent.

376 2950 404 3013 V
430 2951 459 3031 1,
484 2952 513 3014 5.
558 2949 657 3035 Leges
680 2987 722 2996 -
746 2950 888 3035 redigere
910 2951 944 3014 in
966 2951 1056 3015 libris
1083 2951 1207 3034 primus
1230 2951 1339 3014 consul
1365 2949 1461 3014 Pom-

288 3058 376 3140 peius
397 3056 564 3121 instituere
578 3055 689 3133 voluit,
705 3055 757 3120 sed
773 3077 837 3118 non
853 3056 1074 3138 perseveravit,
1091 3055 1344 3120 obtrectatorum
1361 3059 1460 3120 metu.

288 3163 409 3227 Deinde
433 3161 547 3226 Caesar
570 3161 674 3244 coepit
696 3160 728 3224 id
751 3160 864 3236 facere,
888 3161 941 3225 sed
965 3164 1039 3226 ante
1060 3161 1246 3226 interfectus
1269 3164 1326 3224 est.

290 3301 410 3354 randum
435 3316 528 3354 rerum
558 3316 590 3353 ex
614 3299 716 3354 veteris
739 3299 866 3354 lectionis
885 3297 1076 3354 recordatione
1099 3299 1247 3354 collectum
1266 3299 1351 3366 atque
1368 3298 1412 3352 ita
1430 3299 1463 3352 iu

289 3389 458 3459 quibusdum
485 3385 552 3442 locis
578 3388 760 3450 annotatum,
790 3387 862 3440 siout
887 3388 980 3440 exstat
1004 3387 1191 3457 conscriptum
1219 3386 1286 3442 stilo
1313 3385 1461 3442 maiorum.

290 3477 367 3547 Quod
383 3483 414 3530 nt
430 3476 507 3530 radia
525 3475 705 3544 aromataque
723 3479 761 3528 est
777 3475 865 3537 moles,
883 3491 946 3528 cern
959 3474 1043 3542 falsis
1061 3476 1175 3543 antiquo
1192 3475 1268 3528 cocis
1284 3475 1403 3540 miscens,
1422 3477 1463 3528 itu

289 3567 319 3618 ia
337 3566 373 3618 ee'a
387 3564 521 3632 partebus,
540 3579 607 3631 qaue
625 3563 662 3615 acl
678 3563 721 3616 ine
733 3563 877 3630 pertinent,
896 3564 969 3616 omni
987 3568 1058 3616 caret
1075 3563 1182 3616 iudicio.
1213 3562 1312 3618 Tamen
1320 3563 1462 3630 nonnulla,

290 3669 358 3721 quae
375 3668 408 3705 ecc
424 3657 540 3704 ceteram
556 3651 632 3703 libris
650 3667 723 3704 acac
741 3650 882 3718 deperditas
899 3651 1035 3718 occupas,
1055 3651 1137 3718 clipeo
1154 3649 1283 3712 comatum,
1303 3666 1370 3718 quoe
1388 3650 1465 3704 IOtc'o

290 3741 367 3794 bodie
391 3739 428 3792 ud
445 3754 553 3792 monum
571 3739 632 3791 sint.
670 3737 839 3805 summopere
862 3743 900 3792 est
918 3737 1072 3804 dolendam,
1102 3737 1173 3805 qood
1184 3737 1290 3805 fontes,
1318 3753 1350 3790 eu
1367 3738 1464 3805 quibua

291 3827 417 3892 bonumir,
437 3842 568 3894 nmquam
587 3824 709 3892 uddtdm
732 3830 764 3878 at
781 3841 814 3878 ae
831 3825 880 3877 boo
897 3825 1001 3892 quidem
1018 3827 1140 3887 saumas,
1162 3841 1227 3877 nam
1244 3824 1394 3878 Iustiniani
1411 3824 1464 3877 Di-

289 3898 369 3984 yeou
393 3931 457 3969 aas
479 3915 521 3968 aa.
561 3912 602 3981 of.
622 3911 755 3980 salnay,
780 3911 870 3966 cuer.
891 3913 915 3965 a.
935 3912 970 3966 n.
989 3911 1023 3965 n.
1043 3914 1080 3966 ra
1098 3911 1171 3966 nse.
1189 3915 1300 3978 amm.
1335 3911 1464 3980 manen,

291 4002 395 4055 lintei.
416 4000 561 4068 Schriften,
580 4001 701 4069 beronem
719 4017 743 4054 c.
762 3999 854 4054 Sunio.
875 4003 954 4066 1‚185.
991 4001 1087 4054 Editio
1104 4001 1247 4054 noemam
1265 4006 1303 4054 cst
1317 3998 1423 4054 Ottoais
1434 4002 1464 4054 ia

291 4089 472 4142 Isindemaam'
496 4104 565 4155 corp.
583 4093 722 4156 mammet.
742 4087 787 4140 lut.
812 4087 840 4139 T.
861 4087 1012 4154 111183&
1038 4088 1132 4141 amitas
1149 4094 1237 4142 numm
1255 4093 1356 4142 tectam
1373 4104 1462 4142 recen·

292 4176 347 4230 scit
363 4174 496 4228 Areoalas
512 4175 542 4228 m
559 4174 598 4227 ed.
618 4191 677 4243 opp.
696 4175 762 4229 Iasii.
784 4175 820 4228 Τ..
832 4175 886 4228 1Π
901 4181 925 4229 et
937 4175 987 4228 IV.
1013 4175 1200 4232 Romue1797.

381 4263 406 4329 1)
426 4261 467 4329 Of.
485 4261 522 4316 D.
540 4266 644 4330 29,1‚40
656 4280 700 4332 pr.
706 4283 716 4330 ‚·
734 4266 878 4331 40,5‚41,3;
894 4265 1028 4330 50,13‚1,5.
1056 4298 1088 4306 -
1114 4263 1141 4333 2)
1163 4263 1203 4329 Of.
1228 4262 1285 4317 Vol.
1306 4263 1413 4318 Probus
1431 4264 1462 4317 de

292 4351 363 4404 notis
380 4350 507 4417 antiquis,
525 4350 564 4404 ecl.
583 4350 738 4404 Momasson.
764 4353 837 4404 1853.
875 4350 1027 4418 (Huschke,
1045 4353 1097 4404 iar.
1117 4357 1172 4406 act.
1186 4367 1216 4418 p.
1236 4352 1290 4417 68.)
1327 4350 1464 4406 Natarum

294 4437 435 4492 laterculos
453 4437 491 4490 ed.
511 4435 567 4490 Mo.
586 4438 616 4490 in
635 4437 781 4494 Grammot.
801 4439 847 4493 lat.
867 4439 905 4492 ed.
925 4437 997 4506 Kcel,
1015 4441 1186 4506 aem-me.
