3184 5156
253 370 316 438 ΧΠ

252 613 321 685 (lap.
339 614 387 670 IV.
417 614 505 686 Leges
524 615 699 672 coloniarum
716 616 746 670 et
767 613 992 686 municipiorum.

428 704 453 758 1.
480 703 536 758 Lex
553 702 678 759 coloniae
696 701 851 758 Genetivae
869 701 958 758 Iuliae
976 719 997 759 s.
1019 702 1200 759 Ursonensis*
1236 745 1242 757 .
1315 741 1322 756 .

431 791 456 845 2.
485 790 541 846 Lex
560 789 750 862 Salpensana*
768 827 1323 846 ........

429 878 455 934 3.
483 878 540 934 Lex
558 876 749 932 Malacitana*
769 914 1324 933 ........

411 965 455 1034 †4.
481 966 612 1036 Epistula
629 965 800 1020 incertorum
819 963 1023 1034 imperatorum
1042 963 1077 1020 de
1093 963 1323 1033 Tymandenis*;

410 1054 453 1122 †5.
479 1052 625 1124 Epistulae
644 1051 759 1107 Ablabii
778 1051 866 1123 praef.
884 1053 976 1121 praet.
993 1055 1022 1107 et
1041 1049 1219 1107 Constantini
1236 1053 1323 1123 impe·

479 1140 583 1196 ratoris
601 1141 636 1195 dc
654 1139 715 1195 iure
733 1140 859 1194 civitatis
877 1139 1101 1196 Orcistencrum⁸
1155 1181 1161 1196 .
1235 1180 1242 1194 .
1314 1181 1321 1196 .

256 1225 324 1298 Gap.
344 1226 378 1282 V.
410 1228 530 1284 Senatus
548 1230 684 1286 consulta.

430 1318 453 1372 l.
483 1314 530 1371 SC.
548 1315 583 1372 de
602 1315 842 1371 Bacchanalibus*

411 1405 453 1472 †2.
482 1405 529 1460 SC.
548 1408 582 1461 de
600 1403 760 1460 Thisbaeis*

430 1495 454 1550 3.
483 1491 531 1550 SC.
550 1493 584 1548 de
602 1491 776 1563 philosophis
793 1493 823 1547 et
840 1491 998 1548 rhetoribus
1077 1532 1084 1548 .
1155 1533 1163 1550 .
1234 1532 1241 1548 .
1313 1535 1320 1550 .

428 1582 453 1636 4.
482 1575 530 1636 SC.
548 1580 584 1636 de
601 1578 783 1634 Tiburtibus*
843 1619 1321 1638 .......

427 1669 452 1723 5.
482 1668 529 1724 SC.
549 1667 584 1724 de
603 1667 783 1738 Asclepiade*
844 1706 1320 1724 .......

413 1758 458 1826 †6.
486 1756 534 1812 SC.
553 1755 587 1811 de
607 1754 730 1826 Oropiis*
767 1783 775 1809 .-
846 1795 1321 1812 .......

411 1846 455 1914 †7.
483 1843 530 1899 SC,
549 1844 584 1900 de
603 1840 884 1914 Aphrodisiensibus*
924 1883 1322 1900 ......

434 1933 458 1987 8.
486 1931 587 1987 Edicta
606 1934 635 1986 et
653 1933 767 1986 senatus
785 1930 913 1986 consulta
934 1930 969 1986 de
987 1948 1086 2002 campo
1104 1933 1269 2003 Esquilinc*.

480 2023 523 2087 ta.
553 2020 683 2074 Edictum
701 2019 839 2090 praetoris

500 2108 525 2162 b.
555 2107 601 2164 SO.
621 2107 656 2162 de
674 2125 749 2179 pago
767 2107 903 2163 Montano

430 2197 456 2251 9.
484 2196 604 2250 Senatus
623 2195 776 2250 auctoritas
794 2193 829 2249 de
846 2194 996 2265 provinciis
1079 2235 1085 2248 .
1158 2236 1164 2250 .
1236 2238 1243 2251 .
1314 2237 1321 2250 .

415 2285 455 2338 10.
483 2282 552 2338 800.
571 2282 606 2338 de
624 2282 698 2336 ludis
716 2282 921 2337 saecularibus*

414 2373 453 2426 11.
482 2371 529 2427 80.
548 2370 583 2426 de
602 2370 823 2440 aquaeductibus
843 2411 1320 2429 .......

415 2460 454 2514 12.
483 2458 530 2514 80.
549 2458 583 2514 de
602 2476 695 2514 mense
713 2458 841 2527 Augusto

416 2549 457 2602 13.
485 2546 531 2602 SC.
551 2546 586 2601 de
603 2545 744 2616 collegiis*
764 2584 1320 2602 ........

413 2635 454 2688 14.
481 2633 530 2689 SC.
549 2634 735 2689 Vellaeanum
765 2672 1320 2692 ........

414 2722 454 2776 15.
483 2720 530 2776 SO.
550 2719 730 2776 Ostorianum
765 2757 1320 2775 ........

413 2812 452 2864 16.
482 2808 529 2864 SC.
549 2805 752 2862 Claudianum*

417 2897 457 2952 17.
485 2894 554 2950 SCO.
574 2895 608 2949 de
627 2893 759 2949 aedificiis
777 2913 832 2951 non
851 2894 1008 2950 diruendis*
1080 2936 1085 2949 .
1157 2937 1162 2948 .

413 2984 454 3038 18.
482 2983 531 3038 Sd.
549 2982 757 3037 Trebellianum

414 3073 455 3128 19.
482 3071 529 3128 00.
551 3071 585 3126 de
603 3071 721 3141 imperio
743 3072 922 3143 Vespasiani*

411 3160 454 3214 20.
484 3159 782 3216 sansadoniam

411 3248 453 3301 21.
481 3247 530 3304 SC.
548 3247 725 3302 Rubrianum
767 3287 1321 3304 ........

412 3335 454 3391 22.
482 3334 530 3390 SC.
549 3331 714 3391 Iuncianum
767 3374 1321 3394 ........

412 3426 453 3479 23.
484 3424 532 3481 SC.
551 3423 749 3480 inventionum
845 3466 852 3481 .
922 3463 927 3476 .
1001 3464 1015 3488 .,
1080 3469 1086 3480 .

412 3513 454 3566 24.
484 3512 532 3567 00.
550 3512 585 3568 de
602 3511 735 3567 nundinis
754 3513 844 3568 saltus
863 3512 1029 3583 Beguensis*
1081 3551 1087 3564 .
1158 3554 1165 3569 .
1236 3554 1243 3568 .
1314 3555 1321 3570 .

411 3603 453 3656 25.
483 3600 531 3656 SC.
550 3601 584 3655 de
603 3600 761 3670 Cyzicenis*

412 3689 454 3744 26.
482 3688 530 3744 80.
550 3687 718 3744 Orfitianum
764 3729 1320 3748 ........

255 3775 320 3845 (lap.
340 3773 388 3832 Vl.
407 3775 506 3830 Edicta
525 3779 555 3831 et
573 3775 684 3832 decreta
702 3777 922 3846 magistratuum
942 3778 971 3832 et
989 3776 1174 3834 sacerdotum.

431 3867 454 3919 1.
482 3865 611 3920 Edictum
630 3866 795 3935 perpetuum
814 3865 952 3936 praetoris
998 3906 1318 3922 .....

430 3953 456 4008 2.
483 3953 584 4007 Edicta
602 3952 736 4007 aedilium
754 3954 892 4009 curulium
922 3994 1320 4011 ......

428 4042 453 4096 3.
482 4040 611 4095 Edictum
629 4057 773 4097 censorum

430 4130 454 4184 4.
482 4127 630 4184 Decretum
647 4129 819 4200 proconsulis
837 4130 990 4202 Hispaniae
1008 4131 1166 4187 ulterioris*
1237 4173 1242 4186 .
1315 4171 1321 4185 .

430 4219 454 4272 5.
482 4219 629 4272 Decretum
648 4219 819 4288 proconsulis
841 4218 1003 4275 Sardiniae*
1083 4264 1088 4276 .
1159 4260 1165 4273 .
1226 4229 1244 4273 “.
1316 4261 1322 4273 .

411 4307 454 4373 †6.
482 4303 611 4374 Epistula
630 4305 833 4373 praefectorum
855 4307 1012 4377 praetorio*
1080 4347 1087 4362 .
1157 4348 1164 4362 .
1236 4346 1243 4360 .
1314 4348 1320 4358 .

430 4394 453 4447 7.
483 4391 612 4447 Edictum
629 4393 766 4461 praefecti
783 4395 924 4465 Aegypti*
