<?xml version="1.0" encoding="UTF-8"?>
<!DOCTYPE html PUBLIC "-//W3C//DTD XHTML 1.0 Transitional//EN"
    "http://www.w3.org/TR/xhtml1/DTD/xhtml1-transitional.dtd">
<html xmlns="http://www.w3.org/1999/xhtml" xml:lang="en" lang="en">
 <head>
  <title>
</title>
<meta http-equiv="Content-Type" content="text/html;charset=utf-8" />
  <meta name='ocr-system' content='tesseract 3.04.00' />
  <meta name='ocr-capabilities' content='ocr_page ocr_carea ocr_par ocr_line ocrx_word'/>
</head>
<body>
  <div class='ocr_page' id='page_1' title='image "./fontesiurisroma00mommgoog/fontesiurisroma00mommgoog_0432.png"; bbox 0 0 3190 5148; ppageno 0'>
   <div class='ocr_carea' id='block_1_1' title="bbox 269 331 976 404">
    <p class='ocr_par' dir='ltr' id='par_1_1' title="bbox 269 331 976 404">
     <span class='ocr_line' id='line_1_1' title="bbox 269 331 976 404; baseline -0.001 -18"><span class='ocrx_word' id='word_1_1' title='bbox 269 337 334 404; x_wconf 80' lang='lat'>416</span> <span class='ocrx_word' id='word_1_2' title='bbox 759 331 976 401; x_wconf 84' lang='lat' dir='ltr'>Agrimensores.</span> 
     </span>
    </p>
   </div>
   <div class='ocr_carea' id='block_1_2' title="bbox 224 508 1453 2699">
    <p class='ocr_par' dir='ltr' id='par_1_2' title="bbox 270 508 1452 2490">
     <span class='ocr_line' id='line_1_2' title="bbox 356 508 1447 596; baseline -0.004 -20"><span class='ocrx_word' id='word_1_3' title='bbox 356 512 403 596; x_wconf 89' lang='lat'>(8)</span> <span class='ocrx_word' id='word_1_4' title='bbox 432 511 480 576; x_wconf 91' lang='lat' dir='ltr'>De</span> <span class='ocrx_word' id='word_1_5' title='bbox 501 509 721 575; x_wconf 78' lang='lat' dir='ltr'>alluvione</span> <span class='ocrx_word' id='word_1_6' title='bbox 744 509 781 573; x_wconf 91' lang='lat' dir='ltr'>fit</span> <span class='ocrx_word' id='word_1_7' title='bbox 803 509 1017 572; x_wconf 88' lang='lat' dir='ltr'>controversia</span> <span class='ocrx_word' id='word_1_8' title='bbox 1040 508 1207 574; x_wconf 87' lang='lat' dir='ltr'>fluminum</span> <span class='ocrx_word' id='word_1_9' title='bbox 1231 508 1447 574; x_wconf 87' lang='lat' dir='ltr'>infestatione.</span> 
     </span>
     <span class='ocr_line' id='line_1_3' title="bbox 270 614 1448 698; baseline -0.003 -17"><span class='ocrx_word' id='word_1_10' title='bbox 270 617 373 683; x_wconf 77' lang='lat' dir='ltr'><strong><em>E49.</em></strong></span> <span class='ocrx_word' id='word_1_11' title='bbox 397 616 437 680; x_wconf 85' lang='lat' dir='ltr'>A.</span> <span class='ocrx_word' id='word_1_12' title='bbox 450 621 502 681; x_wconf 77' lang='lat'>82.</span> <span class='ocrx_word' id='word_1_13' title='bbox 530 653 567 665; x_wconf 85' lang='lat'>—-</span> <span class='ocrx_word' id='word_1_14' title='bbox 590 615 672 698; x_wconf 73' lang='lat' dir='ltr'>Hyp.</span> <span class='ocrx_word' id='word_1_15' title='bbox 692 619 805 693; x_wconf 78' lang='lat'>124,4:</span> <span class='ocrx_word' id='word_1_16' title='bbox 834 614 882 678; x_wconf 89' lang='lat' dir='ltr'>De</span> <span class='ocrx_word' id='word_1_17' title='bbox 905 614 1062 678; x_wconf 85' lang='lat' dir='ltr'>alluvione</span> <span class='ocrx_word' id='word_1_18' title='bbox 1085 615 1264 680; x_wconf 89' lang='lat' dir='ltr'>observatio</span> <span class='ocrx_word' id='word_1_19' title='bbox 1286 615 1363 680; x_wconf 90' lang='lat' dir='ltr'>haec</span> <span class='ocrx_word' id='word_1_20' title='bbox 1386 619 1448 694; x_wconf 88' lang='lat' dir='ltr'>est,</span> 
     </span>
     <span class='ocr_line' id='line_1_4' title="bbox 270 707 1451 807; baseline -0.002 -21"><span class='ocrx_word' id='word_1_21' title='bbox 270 723 425 807; x_wconf 88' lang='lat' dir='ltr'>numquid</span> <span class='ocrx_word' id='word_1_22' title='bbox 448 723 486 786; x_wconf 88' lang='lat' dir='ltr'>de</span> <span class='ocrx_word' id='word_1_23' title='bbox 509 721 719 805; x_wconf 86' lang='lat' dir='ltr'>occupatoriis</span> <span class='ocrx_word' id='word_1_24' title='bbox 742 707 890 805; x_wconf 87' lang='lat' dir='ltr'>ageretur</span> <span class='ocrx_word' id='word_1_25' title='bbox 913 709 1009 805; x_wconf 86' lang='lat' dir='ltr'>agris,</span> <span class='ocrx_word' id='word_1_26' title='bbox 1034 721 1080 784; x_wconf 91' lang='lat' dir='ltr'>et¹</span> <span class='ocrx_word' id='word_1_27' title='bbox 1105 719 1261 803; x_wconf 92' lang='lat' dir='ltr'>quidquid</span> <span class='ocrx_word' id='word_1_28' title='bbox 1283 721 1330 782; x_wconf 90' lang='lat' dir='ltr'>vis</span> <span class='ocrx_word' id='word_1_29' title='bbox 1347 742 1451 804; x_wconf 86' lang='lat' dir='ltr'>aquae</span> 
     </span>
     <span class='ocr_line' id='line_1_5' title="bbox 271 824 1451 911; baseline -0.003 -19"><span class='ocrx_word' id='word_1_30' title='bbox 271 827 457 905; x_wconf 80' lang='lat' dir='ltr'>abstulerit,</span> <span class='ocrx_word' id='word_1_31' title='bbox 488 827 708 911; x_wconf 78' lang='lat' dir='ltr'>repetitionem</span> <span class='ocrx_word' id='word_1_32' title='bbox 741 847 834 890; x_wconf 90' lang='lat' dir='ltr'>nemo</span> <span class='ocrx_word' id='word_1_33' title='bbox 857 825 999 890; x_wconf 86' lang='lat' dir='ltr'>habebit.</span> <span class='ocrx_word' id='word_1_34' title='bbox 1045 824 1132 901; x_wconf 81' lang='lat' dir='ltr'>Quae</span> <span class='ocrx_word' id='word_1_35' title='bbox 1154 847 1204 889; x_wconf 90' lang='lat' dir='ltr'>res</span> <span class='ocrx_word' id='word_1_36' title='bbox 1228 826 1451 890; x_wconf 90' lang='lat' dir='ltr'>necessitatem</span> 
     </span>
     <span class='ocr_line' id='line_1_6' title="bbox 270 930 1451 1018; baseline -0.004 -21"><span class='ocrx_word' id='word_1_37' title='bbox 270 935 358 1018; x_wconf 84' lang='lat' dir='ltr'>ripae</span> <span class='ocrx_word' id='word_1_38' title='bbox 381 932 570 996; x_wconf 86' lang='lat' dir='ltr'>muniendae</span> <span class='ocrx_word' id='word_1_39' title='bbox 593 931 754 1016; x_wconf 79' lang='lat' dir='ltr'>iniungit,</span> <span class='ocrx_word' id='word_1_40' title='bbox 786 931 833 994; x_wconf 90' lang='lat' dir='ltr'>ita</span> <span class='ocrx_word' id='word_1_41' title='bbox 855 932 973 1009; x_wconf 87' lang='lat' dir='ltr'>tamen,</span> <span class='ocrx_word' id='word_1_42' title='bbox 1004 952 1044 994; x_wconf 91' lang='lat' dir='ltr'>ue</span> <span class='ocrx_word' id='word_1_43' title='bbox 1068 930 1198 994; x_wconf 89' lang='lat' dir='ltr'>alterius</span> <span class='ocrx_word' id='word_1_44' title='bbox 1220 930 1335 994; x_wconf 89' lang='lat' dir='ltr'>damno</span> <span class='ocrx_word' id='word_1_45' title='bbox 1359 931 1451 1014; x_wconf 90' lang='lat' dir='ltr'>quic·</span> 
     </span>
     <span class='ocr_line' id='line_1_7' title="bbox 271 1033 1452 1123; baseline -0.003 -21"><span class='ocrx_word' id='word_1_46' title='bbox 271 1061 367 1123; x_wconf 89' lang='lat' dir='ltr'>quam</span> <span class='ocrx_word' id='word_1_47' title='bbox 389 1037 497 1115; x_wconf 86' lang='lat' dir='ltr'>faciat,</span> <span class='ocrx_word' id='word_1_48' title='bbox 523 1037 577 1120; x_wconf 90' lang='lat' dir='ltr'>qui</span> <span class='ocrx_word' id='word_1_49' title='bbox 600 1037 702 1122; x_wconf 87' lang='lat' dir='ltr'>ripam</span> <span class='ocrx_word' id='word_1_50' title='bbox 726 1033 875 1099; x_wconf 71' lang='lat' dir='ltr'>muniet2.</span> <span class='ocrx_word' id='word_1_51' title='bbox 921 1033 956 1100; x_wconf 80' lang='lat' dir='ltr'>si</span> <span class='ocrx_word' id='word_1_52' title='bbox 972 1057 1047 1100; x_wconf 89' lang='lat' dir='ltr'>vero</span> <span class='ocrx_word' id='word_1_53' title='bbox 1062 1035 1097 1098; x_wconf 94' lang='lat' dir='ltr'>in</span> <span class='ocrx_word' id='word_1_54' title='bbox 1113 1035 1214 1101; x_wconf 87' lang='lat' dir='ltr'>divisa</span> <span class='ocrx_word' id='word_1_55' title='bbox 1232 1037 1265 1100; x_wconf 90' lang='lat' dir='ltr'>et</span> <span class='ocrx_word' id='word_1_56' title='bbox 1280 1035 1452 1120; x_wconf 84' lang='lat' dir='ltr'>adsignata</span> 
     </span>
     <span class='ocr_line' id='line_1_8' title="bbox 270 1139 1452 1228; baseline -0.003 -20"><span class='ocrx_word' id='word_1_57' title='bbox 270 1145 400 1228; x_wconf 89' lang='lat' dir='ltr'>regione</span> <span class='ocrx_word' id='word_1_58' title='bbox 422 1142 623 1221; x_wconf 80' lang='lat' dir='ltr'>tractabitur,</span> <span class='ocrx_word' id='word_1_59' title='bbox 647 1142 730 1205; x_wconf 92' lang='lat' dir='ltr'>nihil</span> <span class='ocrx_word' id='word_1_60' title='bbox 753 1141 881 1206; x_wconf 90' lang='lat' dir='ltr'>amittet</span> <span class='ocrx_word' id='word_1_61' title='bbox 903 1162 1074 1223; x_wconf 79' lang='lat' dir='ltr'>possessor,</span> <span class='ocrx_word' id='word_1_62' title='bbox 1098 1141 1249 1224; x_wconf 87' lang='lat' dir='ltr'>quoniam</span> <span class='ocrx_word' id='word_1_63' title='bbox 1264 1139 1376 1204; x_wconf 84' lang='lat' dir='ltr'>formis</span> <span class='ocrx_word' id='word_1_64' title='bbox 1391 1163 1452 1224; x_wconf 87' lang='lat' dir='ltr'>per</span> 
     </span>
     <span class='ocr_line' id='line_1_9' title="bbox 270 1243 1451 1332; baseline -0.003 -20"><span class='ocrx_word' id='word_1_65' title='bbox 270 1249 428 1312; x_wconf 89' lang='lat' dir='ltr'>centurias</span> <span class='ocrx_word' id='word_1_66' title='bbox 463 1252 566 1312; x_wconf 87' lang='lat' dir='ltr'>certus</span> <span class='ocrx_word' id='word_1_67' title='bbox 603 1248 717 1332; x_wconf 92' lang='lat' dir='ltr'>cuique</span> <span class='ocrx_word' id='word_1_68' title='bbox 749 1247 861 1311; x_wconf 90' lang='lat' dir='ltr'>modus</span> <span class='ocrx_word' id='word_1_69' title='bbox 894 1247 1071 1331; x_wconf 87' lang='lat' dir='ltr'>adscriptus</span> <span class='ocrx_word' id='word_1_70' title='bbox 1104 1250 1161 1311; x_wconf 91' lang='lat' dir='ltr'>est.</span> <span class='ocrx_word' id='word_1_71' title='bbox 1207 1245 1298 1310; x_wconf 83' lang='lat' dir='ltr'>(lirca</span> <span class='ocrx_word' id='word_1_72' title='bbox 1325 1243 1451 1310; x_wconf 90' lang='lat' dir='ltr'>Padum</span> 
     </span>
     <span class='ocr_line' id='line_1_10' title="bbox 271 1351 1451 1438; baseline -0.001 -22"><span class='ocrx_word' id='word_1_73' title='bbox 271 1356 377 1418; x_wconf 90' lang='lat' dir='ltr'>autem</span> <span class='ocrx_word' id='word_1_74' title='bbox 409 1376 481 1417; x_wconf 92' lang='lat' dir='ltr'>cum</span> <span class='ocrx_word' id='word_1_75' title='bbox 511 1358 675 1438; x_wconf 87' lang='lat' dir='ltr'>ageretur,</span> <span class='ocrx_word' id='word_1_76' title='bbox 711 1351 795 1436; x_wconf 88' lang='lat' dir='ltr'>quod</span> <span class='ocrx_word' id='word_1_77' title='bbox 824 1351 943 1416; x_wconf 89' lang='lat' dir='ltr'>flumen</span> <span class='ocrx_word' id='word_1_78' title='bbox 975 1355 1100 1416; x_wconf 88' lang='lat' dir='ltr'>torrens</span> <span class='ocrx_word' id='word_1_79' title='bbox 1132 1355 1164 1415; x_wconf 91' lang='lat' dir='ltr'>et</span> <span class='ocrx_word' id='word_1_80' title='bbox 1187 1351 1357 1435; x_wconf 88' lang='lat' dir='ltr'>aliquando</span> <span class='ocrx_word' id='word_1_81' title='bbox 1379 1355 1451 1415; x_wconf 87' lang='lat' dir='ltr'>tam</span> 
     </span>
     <span class='ocr_line' id='line_1_11' title="bbox 271 1443 1451 1541; baseline -0.002 -19"><span class='ocrx_word' id='word_1_82' title='bbox 271 1458 444 1522; x_wconf 88' lang='lat' dir='ltr'>violentum</span> <span class='ocrx_word' id='word_1_83' title='bbox 460 1458 633 1536; x_wconf 82' lang='lat' dir='ltr'>decurrit,</span> <span class='ocrx_word' id='word_1_84' title='bbox 664 1462 700 1520; x_wconf 92' lang='lat' dir='ltr'>ut</span> <span class='ocrx_word' id='word_1_85' title='bbox 723 1457 848 1522; x_wconf 86' lang='lat' dir='ltr'>alveum</span> <span class='ocrx_word' id='word_1_86' title='bbox 880 1460 983 1521; x_wconf 88' lang='lat' dir='ltr'>mutet</span> <span class='ocrx_word' id='word_1_87' title='bbox 1011 1459 1044 1521; x_wconf 91' lang='lat' dir='ltr'>et</span> <span class='ocrx_word' id='word_1_88' title='bbox 1065 1456 1241 1521; x_wconf 87' lang='lat' dir='ltr'>multorum</span> <span class='ocrx_word' id='word_1_89' title='bbox 1263 1456 1329 1522; x_wconf 89' lang='lat' dir='ltr'>late</span> <span class='ocrx_word' id='word_1_90' title='bbox 1353 1443 1451 1541; x_wconf 87' lang='lat' dir='ltr'>agros</span> 
     </span>
     <span class='ocr_line' id='line_1_12' title="bbox 271 1560 1451 1647; baseline -0.002 -21"><span class='ocrx_word' id='word_1_91' title='bbox 271 1567 360 1627; x_wconf 89' lang='lat' dir='ltr'>trans</span> <span class='ocrx_word' id='word_1_92' title='bbox 384 1564 503 1647; x_wconf 91' lang='lat' dir='ltr'>ripam,</span> <span class='ocrx_word' id='word_1_93' title='bbox 528 1567 563 1628; x_wconf 90' lang='lat' dir='ltr'>ut</span> <span class='ocrx_word' id='word_1_94' title='bbox 586 1563 632 1626; x_wconf 89' lang='lat' dir='ltr'>ita</span> <span class='ocrx_word' id='word_1_95' title='bbox 654 1562 767 1641; x_wconf 90' lang='lat' dir='ltr'>dicam,</span> <span class='ocrx_word' id='word_1_96' title='bbox 791 1561 975 1641; x_wconf 82' lang='lat' dir='ltr'>transierat,</span> <span class='ocrx_word' id='word_1_97' title='bbox 1000 1584 1092 1646; x_wconf 89' lang='lat' dir='ltr'>saepe</span> <span class='ocrx_word' id='word_1_98' title='bbox 1115 1561 1211 1626; x_wconf 90' lang='lat' dir='ltr'>etiam</span> <span class='ocrx_word' id='word_1_99' title='bbox 1233 1561 1353 1627; x_wconf 87' lang='lat' dir='ltr'>insulas</span> <span class='ocrx_word' id='word_1_100' title='bbox 1377 1560 1451 1625; x_wconf 85' lang='lat' dir='ltr'>effi-</span> 
     </span>
     <span class='ocr_line' id='line_1_13' title="bbox 271 1666 1450 1752; baseline -0.002 -20"><span class='ocrx_word' id='word_1_101' title='bbox 271 1669 361 1747; x_wconf 78' lang='lat' dir='ltr'>ciat³,</span> <span class='ocrx_word' id='word_1_102' title='bbox 396 1666 521 1732; x_wconf 81' lang='lat' dir='ltr'>Cassius</span> <span class='ocrx_word' id='word_1_103' title='bbox 544 1667 722 1752; x_wconf 82' lang='lat' dir='ltr'>Longinus,</span> <span class='ocrx_word' id='word_1_104' title='bbox 755 1667 1019 1752; x_wconf 89' lang='lat' dir='ltr'>prudentissimus</span> <span class='ocrx_word' id='word_1_105' title='bbox 1041 1668 1101 1748; x_wconf 86' lang='lat' dir='ltr'>vir,</span> <span class='ocrx_word' id='word_1_106' title='bbox 1132 1666 1210 1730; x_wconf 91' lang='lat' dir='ltr'>iuris</span> <span class='ocrx_word' id='word_1_107' title='bbox 1234 1670 1353 1747; x_wconf 89' lang='lat' dir='ltr'>auctor,</span> <span class='ocrx_word' id='word_1_108' title='bbox 1385 1666 1450 1731; x_wconf 94' lang='lat' dir='ltr'>hoc</span> 
     </span>
     <span class='ocr_line' id='line_1_14' title="bbox 272 1771 1450 1857; baseline 0 -21"><span class='ocrx_word' id='word_1_109' title='bbox 272 1772 401 1851; x_wconf 85' lang='lat' dir='ltr'>statuit,</span> <span class='ocrx_word' id='word_1_110' title='bbox 432 1776 469 1836; x_wconf 88' lang='lat' dir='ltr'>ut</span> <span class='ocrx_word' id='word_1_111' title='bbox 491 1772 645 1856; x_wconf 93' lang='lat' dir='ltr'>quidquid</span> <span class='ocrx_word' id='word_1_112' title='bbox 668 1795 752 1857; x_wconf 90' lang='lat' dir='ltr'>aqua</span> <span class='ocrx_word' id='word_1_113' title='bbox 774 1771 987 1837; x_wconf 88' lang='lat' dir='ltr'>lambiscendo</span> <span class='ocrx_word' id='word_1_114' title='bbox 1011 1771 1197 1851; x_wconf 86' lang='lat' dir='ltr'>abstulerit,</span> <span class='ocrx_word' id='word_1_115' title='bbox 1230 1771 1264 1836; x_wconf 94' lang='lat' dir='ltr'>id</span> <span class='ocrx_word' id='word_1_116' title='bbox 1285 1793 1450 1857; x_wconf 88' lang='lat' dir='ltr'>possessor</span> 
     </span>
     <span class='ocr_line' id='line_1_15' title="bbox 272 1876 1451 1962; baseline -0.002 -20"><span class='ocrx_word' id='word_1_117' title='bbox 272 1878 411 1957; x_wconf 88' lang='lat' dir='ltr'>amittat,</span> <span class='ocrx_word' id='word_1_118' title='bbox 436 1878 585 1962; x_wconf 90' lang='lat' dir='ltr'>quoniam</span> <span class='ocrx_word' id='word_1_119' title='bbox 608 1876 728 1942; x_wconf 90' lang='lat' dir='ltr'>scilicet</span> <span class='ocrx_word' id='word_1_120' title='bbox 751 1878 854 1960; x_wconf 84' lang='lat' dir='ltr'>ripam</span> <span class='ocrx_word' id='word_1_121' title='bbox 878 1899 968 1940; x_wconf 88' lang='lat' dir='ltr'>suam</span> <span class='ocrx_word' id='word_1_122' title='bbox 991 1877 1059 1942; x_wconf 91' lang='lat' dir='ltr'>sine</span> <span class='ocrx_word' id='word_1_123' title='bbox 1079 1877 1211 1943; x_wconf 86' lang='lat' dir='ltr'>alterius</span> <span class='ocrx_word' id='word_1_124' title='bbox 1233 1877 1349 1942; x_wconf 86' lang='lat' dir='ltr'>damno</span> <span class='ocrx_word' id='word_1_125' title='bbox 1364 1877 1451 1941; x_wconf 89' lang='lat' dir='ltr'>tueri</span> 
     </span>
     <span class='ocr_line' id='line_1_16' title="bbox 272 1982 1451 2067; baseline 0 -21"><span class='ocrx_word' id='word_1_126' title='bbox 272 1982 382 2060; x_wconf 83' lang='lat' dir='ltr'>debet3</span> <span class='ocrx_word' id='word_1_127' title='bbox 406 1983 433 2046; x_wconf 93' lang='lat' dir='ltr'>si</span> <span class='ocrx_word' id='word_1_128' title='bbox 455 2005 529 2048; x_wconf 92' lang='lat' dir='ltr'>vero</span> <span class='ocrx_word' id='word_1_129' title='bbox 552 1982 671 2048; x_wconf 89' lang='lat' dir='ltr'>maiore</span> <span class='ocrx_word' id='word_1_130' title='bbox 693 1983 725 2047; x_wconf 93' lang='lat' dir='ltr'>vi</span> <span class='ocrx_word' id='word_1_131' title='bbox 741 1983 909 2048; x_wconf 84' lang='lat' dir='ltr'>decurrens</span> <span class='ocrx_word' id='word_1_132' title='bbox 929 1982 1054 2046; x_wconf 89' lang='lat' dir='ltr'>alveum</span> <span class='ocrx_word' id='word_1_133' title='bbox 1069 1986 1233 2062; x_wconf 83' lang='lat' dir='ltr'>mutasset,</span> <span class='ocrx_word' id='word_1_134' title='bbox 1253 2005 1346 2049; x_wconf 89' lang='lat' dir='ltr'>suum</span> <span class='ocrx_word' id='word_1_135' title='bbox 1359 1982 1451 2067; x_wconf 88' lang='lat' dir='ltr'>quis-</span> 
     </span>
     <span class='ocr_line' id='line_1_17' title="bbox 273 2086 1451 2172; baseline 0.001 -23"><span class='ocrx_word' id='word_1_136' title='bbox 273 2109 334 2170; x_wconf 90' lang='lat' dir='ltr'>que</span> <span class='ocrx_word' id='word_1_137' title='bbox 365 2088 494 2152; x_wconf 91' lang='lat' dir='ltr'>modum</span> <span class='ocrx_word' id='word_1_138' title='bbox 528 2090 729 2172; x_wconf 85' lang='lat' dir='ltr'>agnosceret,</span> <span class='ocrx_word' id='word_1_139' title='bbox 761 2088 912 2172; x_wconf 91' lang='lat' dir='ltr'>quoniam</span> <span class='ocrx_word' id='word_1_140' title='bbox 942 2109 1006 2152; x_wconf 92' lang='lat' dir='ltr'>non</span> <span class='ocrx_word' id='word_1_141' title='bbox 1028 2087 1217 2171; x_wconf 89' lang='lat' dir='ltr'>possessoris</span> <span class='ocrx_word' id='word_1_142' title='bbox 1244 2086 1451 2172; x_wconf 82' lang='lat' dir='ltr'>neglegentia</span> 
     </span>
     <span class='ocr_line' id='line_1_18' title="bbox 273 2191 1452 2279; baseline -0.003 -21"><span class='ocrx_word' id='word_1_143' title='bbox 273 2195 327 2258; x_wconf 90' lang='lat' dir='ltr'>sed</span> <span class='ocrx_word' id='word_1_144' title='bbox 349 2195 547 2279; x_wconf 87' lang='lat' dir='ltr'>tempestatis</span> <span class='ocrx_word' id='word_1_145' title='bbox 580 2193 732 2258; x_wconf 89' lang='lat' dir='ltr'>violentia</span> <span class='ocrx_word' id='word_1_146' title='bbox 765 2193 934 2276; x_wconf 89' lang='lat' dir='ltr'>abreptum</span> <span class='ocrx_word' id='word_1_147' title='bbox 961 2193 1128 2276; x_wconf 88' lang='lat' dir='ltr'>apparet⁴;</span> <span class='ocrx_word' id='word_1_148' title='bbox 1163 2192 1190 2257; x_wconf 93' lang='lat' dir='ltr'>si</span> <span class='ocrx_word' id='word_1_149' title='bbox 1212 2213 1287 2258; x_wconf 90' lang='lat' dir='ltr'>vero</span> <span class='ocrx_word' id='word_1_150' title='bbox 1309 2191 1452 2256; x_wconf 84' lang='lat' dir='ltr'>insulam</span> 
     </span>
     <span class='ocr_line' id='line_1_19' title="bbox 273 2298 1452 2386; baseline -0.001 -24"><span class='ocrx_word' id='word_1_151' title='bbox 273 2298 411 2376; x_wconf 89' lang='lat' dir='ltr'>fecisset,</span> <span class='ocrx_word' id='word_1_152' title='bbox 445 2300 574 2364; x_wconf 87' lang='lat' dir='ltr'>aculus</span> <span class='ocrx_word' id='word_1_153' title='bbox 607 2321 685 2386; x_wconf 83' lang='lat' dir='ltr'>agro</span> <span class='ocrx_word' id='word_1_154' title='bbox 707 2299 843 2380; x_wconf 87' lang='lat' dir='ltr'>fecisset,</span> <span class='ocrx_word' id='word_1_155' title='bbox 876 2299 904 2364; x_wconf 90' lang='lat' dir='ltr'>is</span> <span class='ocrx_word' id='word_1_156' title='bbox 927 2299 1120 2384; x_wconf 90' lang='lat' dir='ltr'>possideret;</span> <span class='ocrx_word' id='word_1_157' title='bbox 1154 2298 1452 2365; x_wconf 66' lang='grc'><strong>1111111111-</strong></span> 
     </span>
     <span class='ocr_line' id='line_1_20' title="bbox 274 2403 829 2490; baseline 0.007 -23"><span class='ocrx_word' id='word_1_158' title='bbox 274 2403 372 2483; x_wconf 91' lang='lat' dir='ltr'>muni,</span> <span class='ocrx_word' id='word_1_159' title='bbox 397 2404 530 2489; x_wconf 90' lang='lat' dir='ltr'>quisquc</span> <span class='ocrx_word' id='word_1_160' title='bbox 553 2427 646 2470; x_wconf 90' lang='lat' dir='ltr'>suum</span> <span class='ocrx_word' id='word_1_161' title='bbox 668 2406 829 2490; x_wconf 89' lang='lat' dir='ltr'>reciperet.</span> 
     </span>
    </p>

    <p class='ocr_par' dir='ltr' id='par_1_3' title="bbox 224 2507 1453 2699">
     <span class='ocr_line' id='line_1_21' title="bbox 224 2507 1453 2592; baseline -0.002 -18"><span class='ocrx_word' id='word_1_162' title='bbox 224 2516 263 2567; x_wconf 81' lang='lat'>17.</span> <span class='ocrx_word' id='word_1_163' title='bbox 361 2509 408 2592; x_wconf 82' lang='lat'>(9)</span> <span class='ocrx_word' id='word_1_164' title='bbox 441 2507 489 2574; x_wconf 92' lang='lat' dir='ltr'>De</span> <span class='ocrx_word' id='word_1_165' title='bbox 511 2510 607 2574; x_wconf 90' lang='lat' dir='ltr'>iure</span> <span class='ocrx_word' id='word_1_166' title='bbox 629 2509 851 2575; x_wconf 90' lang='lat' dir='ltr'>territorii</span> <span class='ocrx_word' id='word_1_167' title='bbox 873 2509 1088 2575; x_wconf 88' lang='lat' dir='ltr'>controversia</span> <span class='ocrx_word' id='word_1_168' title='bbox 1111 2513 1159 2574; x_wconf 91' lang='lat' dir='ltr'>est</span> <span class='ocrx_word' id='word_1_169' title='bbox 1175 2509 1212 2574; x_wconf 92' lang='lat' dir='ltr'>de</span> <span class='ocrx_word' id='word_1_170' title='bbox 1227 2509 1289 2589; x_wconf 90' lang='lat' dir='ltr'>his,</span> <span class='ocrx_word' id='word_1_171' title='bbox 1312 2529 1394 2592; x_wconf 90' lang='lat' dir='ltr'>quae</span> <span class='ocrx_word' id='word_1_172' title='bbox 1410 2508 1453 2572; x_wconf 87' lang='lat' dir='ltr'>ad</span> 
     </span>
     <span class='ocr_line' id='line_1_22' title="bbox 274 2612 1452 2699; baseline -0.001 -22"><span class='ocrx_word' id='word_1_173' title='bbox 274 2613 376 2698; x_wconf 90' lang='lat' dir='ltr'>ipsam</span> <span class='ocrx_word' id='word_1_174' title='bbox 407 2614 517 2679; x_wconf 91' lang='lat' dir='ltr'>urbem</span> <span class='ocrx_word' id='word_1_175' title='bbox 548 2614 724 2699; x_wconf 89' lang='lat' dir='ltr'>pertinent,</span> <span class='ocrx_word' id='word_1_176' title='bbox 757 2614 823 2678; x_wconf 90' lang='lat' dir='ltr'>sive</span> <span class='ocrx_word' id='word_1_177' title='bbox 855 2614 931 2697; x_wconf 94' lang='lat' dir='ltr'>quid</span> <span class='ocrx_word' id='word_1_178' title='bbox 963 2615 1050 2679; x_wconf 89' lang='lat' dir='ltr'>intra</span> <span class='ocrx_word' id='word_1_179' title='bbox 1071 2612 1249 2698; x_wconf 90' lang='lat' dir='ltr'>pomerium</span> <span class='ocrx_word' id='word_1_180' title='bbox 1271 2612 1338 2678; x_wconf 89' lang='lat' dir='ltr'>eius</span> <span class='ocrx_word' id='word_1_181' title='bbox 1362 2613 1452 2676; x_wconf 85' lang='lat' dir='ltr'>urbis</span> 
     </span>
    </p>
   </div>
   <div class='ocr_carea' id='block_1_3' title="bbox 274 2716 1452 2889">
    <p class='ocr_par' dir='ltr' id='par_1_4' title="bbox 274 2716 1452 2889">
     <span class='ocr_line' id='line_1_23' title="bbox 274 2716 1452 2804; baseline -0.002 -22"><span class='ocrx_word' id='word_1_182' title='bbox 274 2719 344 2798; x_wconf 90' lang='lat' dir='ltr'>erit,</span> <span class='ocrx_word' id='word_1_183' title='bbox 370 2719 454 2803; x_wconf 91' lang='lat' dir='ltr'>quod</span> <span class='ocrx_word' id='word_1_184' title='bbox 476 2742 495 2783; x_wconf 89' lang='grc'>1</span> <span class='ocrx_word' id='word_1_185' title='bbox 517 2720 651 2803; x_wconf 91' lang='lat' dir='ltr'>privatis</span> <span class='ocrx_word' id='word_1_186' title='bbox 675 2720 823 2803; x_wconf 89' lang='lat' dir='ltr'>operibus</span> <span class='ocrx_word' id='word_1_187' title='bbox 846 2720 984 2804; x_wconf 89' lang='lat' dir='ltr'>optineri</span> <span class='ocrx_word' id='word_1_188' title='bbox 1000 2742 1065 2784; x_wconf 91' lang='lat' dir='ltr'>non</span> <span class='ocrx_word' id='word_1_189' title='bbox 1081 2717 1255 2804; x_wconf 86' lang='lat' dir='ltr'>oportebit.</span> <span class='ocrx_word' id='word_1_190' title='bbox 1280 2755 1320 2766; x_wconf 85' lang='lat'>-</span> <span class='ocrx_word' id='word_1_191' title='bbox 1344 2716 1383 2780; x_wconf 80' lang='lat' dir='ltr'>F.</span> <span class='ocrx_word' id='word_1_192' title='bbox 1397 2722 1452 2783; x_wconf 77' lang='lat'>52.</span> 
     </span>
     <span class='ocr_line' id='line_1_24' title="bbox 274 2824 538 2889; baseline -0.004 0"><span class='ocrx_word' id='word_1_193' title='bbox 274 2824 315 2888; x_wconf 87' lang='lat' dir='ltr'>A.</span> <span class='ocrx_word' id='word_1_194' title='bbox 332 2829 382 2889; x_wconf 81' lang='lat'>84.</span> <span class='ocrx_word' id='word_1_195' title='bbox 406 2824 449 2888; x_wconf 88' lang='grc' dir='ltr'>Η.</span> <span class='ocrx_word' id='word_1_196' title='bbox 467 2829 538 2889; x_wconf 82' lang='grc'><strong>133.</strong></span> 
     </span>
    </p>
   </div>
   <div class='ocr_carea' id='block_1_4' title="bbox 273 3013 1454 4472">
    <p class='ocr_par' dir='ltr' id='par_1_5' title="bbox 273 3013 1445 3173">
     <span class='ocr_line' id='line_1_25' title="bbox 273 3013 1445 3085; baseline 0 -17"><span class='ocrx_word' id='word_1_197' title='bbox 273 3014 433 3085; x_wconf 86' lang='lat' dir='ltr'>provinciae</span> <span class='ocrx_word' id='word_1_198' title='bbox 459 3013 562 3082; x_wconf 85' lang='lat' dir='ltr'>agitur,</span> <span class='ocrx_word' id='word_1_199' title='bbox 582 3045 615 3054; x_wconf 86' lang='lat'>-</span> <span class='ocrx_word' id='word_1_200' title='bbox 635 3015 706 3069; x_wconf 90' lang='lat' dir='ltr'>sicut</span> <span class='ocrx_word' id='word_1_201' title='bbox 724 3016 769 3070; x_wconf 87' lang='lat' dir='ltr'>lex</span> <span class='ocrx_word' id='word_1_202' title='bbox 788 3015 842 3070; x_wconf 87' lang='lat' dir='ltr'>ait:</span> <span class='ocrx_word' id='word_1_203' title='bbox 873 3015 934 3069; x_wconf 88' lang='lat' dir='ltr'>‘nisi</span> <span class='ocrx_word' id='word_1_204' title='bbox 959 3015 994 3069; x_wconf 91' lang='lat' dir='ltr'>de</span> <span class='ocrx_word' id='word_1_205' title='bbox 1013 3014 1191 3084; x_wconf 84' lang='lat' dir='ltr'>possessionis</span> <span class='ocrx_word' id='word_1_206' title='bbox 1219 3016 1298 3069; x_wconf 86' lang='lat' dir='ltr'>statu</span> <span class='ocrx_word' id='word_1_207' title='bbox 1316 3013 1445 3083; x_wconf 84' lang='lat' dir='ltr'>quaestio</span> 
     </span>
     <span class='ocr_line' id='line_1_26' title="bbox 274 3100 1120 3173; baseline 0 -19"><span class='ocrx_word' id='word_1_208' title='bbox 274 3101 360 3156; x_wconf 88' lang='lat' dir='ltr'>fuerit</span> <span class='ocrx_word' id='word_1_209' title='bbox 378 3101 544 3164; x_wconf 89' lang='lat' dir='ltr'>terminata,</span> <span class='ocrx_word' id='word_1_210' title='bbox 564 3120 619 3157; x_wconf 92' lang='lat' dir='ltr'>non</span> <span class='ocrx_word' id='word_1_211' title='bbox 638 3102 704 3158; x_wconf 89' lang='lat' dir='ltr'>licet</span> <span class='ocrx_word' id='word_1_212' title='bbox 722 3103 842 3159; x_wconf 87' lang='lat' dir='ltr'>mensori</span> <span class='ocrx_word' id='word_1_213' title='bbox 860 3103 968 3173; x_wconf 88' lang='lat' dir='ltr'>praeire</span> <span class='ocrx_word' id='word_1_214' title='bbox 986 3101 1022 3156; x_wconf 89' lang='lat' dir='ltr'>ad</span> <span class='ocrx_word' id='word_1_215' title='bbox 1041 3100 1120 3157; x_wconf 83' lang='lat' dir='ltr'>loca&#39;.</span> 
     </span>
    </p>

    <p class='ocr_par' dir='ltr' id='par_1_6' title="bbox 274 3187 1454 4472">
     <span class='ocr_line' id='line_1_27' title="bbox 347 3187 1445 3258; baseline 0 -16"><span class='ocrx_word' id='word_1_216' title='bbox 347 3191 371 3256; x_wconf 79' lang='lat' dir='ltr'>l)</span> <span class='ocrx_word' id='word_1_217' title='bbox 389 3187 458 3242; x_wconf 88' lang='lat' dir='ltr'>haec</span> <span class='ocrx_word' id='word_1_218' title='bbox 474 3194 516 3243; x_wconf 89' lang='lat' dir='ltr'>est</span> <span class='ocrx_word' id='word_1_219' title='bbox 535 3207 602 3243; x_wconf 87' lang='lat' dir='ltr'>uum</span> <span class='ocrx_word' id='word_1_220' title='bbox 620 3189 687 3258; x_wconf 87' lang='lat' dir='ltr'>qnid</span> <span class='ocrx_word' id='word_1_221' title='bbox 707 3191 809 3258; x_wconf 84' lang='lat' dir='ltr'>(haesit</span> <span class='ocrx_word' id='word_1_222' title='bbox 827 3208 883 3245; x_wconf 90' lang='lat' dir='ltr'>non</span> <span class='ocrx_word' id='word_1_223' title='bbox 901 3189 975 3258; x_wconf 89' lang='lat' dir='ltr'>quod</span> <span class='ocrx_word' id='word_1_224' title='bbox 994 3189 1067 3256; x_wconf 80' lang='lat' dir='ltr'>Arc,</span> <span class='ocrx_word' id='word_1_225' title='bbox 1087 3191 1129 3244; x_wconf 90' lang='lat' dir='ltr'>est</span> <span class='ocrx_word' id='word_1_226' title='bbox 1145 3190 1167 3243; x_wconf 87' lang='lat' dir='ltr'>si</span> <span class='ocrx_word' id='word_1_227' title='bbox 1180 3190 1248 3245; x_wconf 92' lang='lat' dir='ltr'>haec</span> <span class='ocrx_word' id='word_1_228' title='bbox 1260 3188 1284 3243; x_wconf 87' lang='lat' dir='ltr'>si</span> <span class='ocrx_word' id='word_1_229' title='bbox 1296 3189 1327 3243; x_wconf 89' lang='lat' dir='ltr'>in</span> <span class='ocrx_word' id='word_1_230' title='bbox 1340 3187 1445 3256; x_wconf 67' lang='lat' dir='ltr'>Guelf.)</span> 
     </span>
     <span class='ocr_line' id='line_1_28' title="bbox 275 3275 1448 3349; baseline 0 -21"><span class='ocrx_word' id='word_1_231' title='bbox 275 3276 309 3329; x_wconf 91' lang='lat' dir='ltr'>de</span> <span class='ocrx_word' id='word_1_232' title='bbox 328 3290 382 3331; x_wconf 88' lang='lat' dir='ltr'>occ.</span> <span class='ocrx_word' id='word_1_233' title='bbox 402 3279 534 3345; x_wconf 88' lang='lat' dir='ltr'>ageretur</span> <span class='ocrx_word' id='word_1_234' title='bbox 553 3277 659 3346; x_wconf 85' lang='lat' dir='ltr'>(agitur</span> <span class='ocrx_word' id='word_1_235' title='bbox 679 3277 781 3346; x_wconf 63' lang='grc'><strong>(11111.)</strong></span> <span class='ocrx_word' id='word_1_236' title='bbox 809 3278 885 3348; x_wconf 83' lang='lat' dir='ltr'>agris</span> <span class='ocrx_word' id='word_1_237' title='bbox 904 3281 933 3332; x_wconf 85' lang='lat' dir='ltr'>et</span> <span class='ocrx_word' id='word_1_238' title='bbox 958 3277 1016 3349; x_wconf 88' lang='lat' dir='ltr'>(sed</span> <span class='ocrx_word' id='word_1_239' title='bbox 1028 3277 1102 3343; x_wconf 78' lang='lat' dir='ltr'>Arc,</span> <span class='ocrx_word' id='word_1_240' title='bbox 1121 3276 1288 3344; x_wconf 59' lang='grc'><strong>1111111111.)</strong></span> <span class='ocrx_word' id='word_1_241' title='bbox 1308 3275 1448 3344; x_wconf 90' lang='lat' dir='ltr'>quidquid</span> 
     </span>
     <span class='ocr_line' id='line_1_29' title="bbox 274 3363 1444 3435; baseline -0.002 -18"><span class='ocrx_word' id='word_1_242' title='bbox 274 3365 338 3418; x_wconf 78' lang='grc'><strong>11111·</strong></span> <span class='ocrx_word' id='word_1_243' title='bbox 355 3365 487 3434; x_wconf 68' lang='lat' dir='ltr'>[praesta</span> <span class='ocrx_word' id='word_1_244' title='bbox 500 3364 632 3432; x_wconf 77' lang='lat' dir='ltr'>fortuma:</span> <span class='ocrx_word' id='word_1_245' title='bbox 650 3365 719 3419; x_wconf 85' lang='lat' dir='ltr'>haec</span> <span class='ocrx_word' id='word_1_246' title='bbox 731 3368 787 3420; x_wconf 87' lang='lat' dir='ltr'>est:</span> <span class='ocrx_word' id='word_1_247' title='bbox 806 3367 828 3419; x_wconf 91' lang='lat' dir='ltr'>si</span> <span class='ocrx_word' id='word_1_248' title='bbox 846 3366 880 3420; x_wconf 91' lang='lat' dir='ltr'>de</span> <span class='ocrx_word' id='word_1_249' title='bbox 892 3365 1076 3435; x_wconf 84' lang='lat' dir='ltr'>occupatoriis</span> <span class='ocrx_word' id='word_1_250' title='bbox 1095 3365 1191 3435; x_wconf 82' lang='lat' dir='ltr'>agitur</span> <span class='ocrx_word' id='word_1_251' title='bbox 1204 3364 1287 3433; x_wconf 85' lang='lat' dir='ltr'>agris,</span> <span class='ocrx_word' id='word_1_252' title='bbox 1309 3363 1444 3432; x_wconf 90' lang='lat' dir='ltr'>quidquid</span> 
     </span>
     <span class='ocr_line' id='line_1_30' title="bbox 275 3450 1451 3521; baseline -0.002 -15"><span class='ocrx_word' id='word_1_253' title='bbox 275 3458 320 3506; x_wconf 85' lang='lat' dir='ltr'>cet.</span> <span class='ocrx_word' id='word_1_254' title='bbox 340 3451 448 3521; x_wconf 63' lang='lat' dir='ltr'>Tan]</span> <span class='ocrx_word' id='word_1_255' title='bbox 468 3483 501 3490; x_wconf 89' lang='lat'><strong>—</strong></span> <span class='ocrx_word' id='word_1_256' title='bbox 521 3453 547 3517; x_wconf 79' lang='grc'>2)</span> <span class='ocrx_word' id='word_1_257' title='bbox 567 3451 649 3506; x_wconf 75' lang='lat' dir='ltr'>Sicut.</span> <span class='ocrx_word' id='word_1_258' title='bbox 663 3456 772 3520; x_wconf 62' lang='grc'><strong>1511241</strong></span> <span class='ocrx_word' id='word_1_259' title='bbox 790 3452 877 3506; x_wconf 86' lang='lat' dir='ltr'>Rivns</span> <span class='ocrx_word' id='word_1_260' title='bbox 895 3483 931 3492; x_wconf 96' lang='lat'><em>-</em></span> <span class='ocrx_word' id='word_1_261' title='bbox 950 3452 1078 3521; x_wconf 88' lang='lat' dir='ltr'>quotiens</span> <span class='ocrx_word' id='word_1_262' title='bbox 1092 3452 1177 3506; x_wconf 87' lang='lat' dir='ltr'>finem</span> <span class='ocrx_word' id='word_1_263' title='bbox 1190 3451 1267 3518; x_wconf 86' lang='lat' dir='ltr'>facit,</span> <span class='ocrx_word' id='word_1_264' title='bbox 1287 3450 1451 3520; x_wconf 88' lang='lat' dir='ltr'>appellatur</span> 
     </span>
     <span class='ocr_line' id='line_1_31' title="bbox 277 3537 1452 3609; baseline -0.001 -17"><span class='ocrx_word' id='word_1_265' title='bbox 277 3540 344 3594; x_wconf 89' lang='lat' dir='ltr'>‘rivo</span> <span class='ocrx_word' id='word_1_266' title='bbox 364 3541 438 3594; x_wconf 90' lang='lat' dir='ltr'>recto</span> <span class='ocrx_word' id='word_1_267' title='bbox 456 3556 594 3608; x_wconf 86' lang='lat' dir='ltr'>curvoque</span> <span class='ocrx_word' id='word_1_268' title='bbox 612 3540 672 3609; x_wconf 78' lang='lat' dir='ltr'>(oet</span> <span class='ocrx_word' id='word_1_269' title='bbox 689 3540 738 3594; x_wconf 79' lang='lat' dir='ltr'>del.</span> <span class='ocrx_word' id='word_1_270' title='bbox 757 3541 806 3594; x_wconf 85' lang='lat' dir='ltr'>boc</span> <span class='ocrx_word' id='word_1_271' title='bbox 823 3556 877 3594; x_wconf 87' lang='lat' dir='ltr'>coc.</span> <span class='ocrx_word' id='word_1_272' title='bbox 896 3546 945 3596; x_wconf 86' lang='grc'>111</span> <span class='ocrx_word' id='word_1_273' title='bbox 962 3557 1012 3594; x_wconf 86' lang='lat' dir='ltr'>scr.</span> <span class='ocrx_word' id='word_1_274' title='bbox 1031 3555 1172 3608; x_wconf 88' lang='lat' dir='ltr'>cursuque.</span> <span class='ocrx_word' id='word_1_275' title='bbox 1200 3540 1250 3595; x_wconf 81' lang='lat' dir='ltr'>Ta.</span> <span class='ocrx_word' id='word_1_276' title='bbox 1269 3537 1338 3608; x_wconf 84' lang='lat' dir='ltr'><strong><em>M.)&#39;;</em></strong></span> <span class='ocrx_word' id='word_1_277' title='bbox 1356 3537 1405 3607; x_wconf 89' lang='lat' dir='ltr'>qui</span> <span class='ocrx_word' id='word_1_278' title='bbox 1427 3537 1452 3592; x_wconf 86' lang='lat' dir='ltr'>si</span> 
     </span>
     <span class='ocr_line' id='line_1_32' title="bbox 276 3625 1451 3698; baseline 0 -18"><span class='ocrx_word' id='word_1_279' title='bbox 276 3626 393 3681; x_wconf 89' lang='lat' dir='ltr'>alicuius</span> <span class='ocrx_word' id='word_1_280' title='bbox 406 3628 496 3681; x_wconf 85' lang='lat' dir='ltr'>terras</span> <span class='ocrx_word' id='word_1_281' title='bbox 515 3627 680 3680; x_wconf 81' lang='lat' dir='ltr'>minutatim</span> <span class='ocrx_word' id='word_1_282' title='bbox 698 3645 730 3682; x_wconf 84' lang='lat' dir='ltr'>ex</span> <span class='ocrx_word' id='word_1_283' title='bbox 749 3628 806 3682; x_wconf 86' lang='lat' dir='ltr'>alia</span> <span class='ocrx_word' id='word_1_284' title='bbox 824 3631 907 3698; x_wconf 88' lang='lat' dir='ltr'>parte</span> <span class='ocrx_word' id='word_1_285' title='bbox 925 3628 1075 3683; x_wconf 87' lang='lat' dir='ltr'>abstrahat</span> <span class='ocrx_word' id='word_1_286' title='bbox 1093 3630 1123 3682; x_wconf 90' lang='lat' dir='ltr'>et</span> <span class='ocrx_word' id='word_1_287' title='bbox 1142 3627 1192 3682; x_wconf 88' lang='lat' dir='ltr'>alii</span> <span class='ocrx_word' id='word_1_288' title='bbox 1210 3627 1352 3684; x_wconf 87' lang='lat' dir='ltr'>contrario</span> <span class='ocrx_word' id='word_1_289' title='bbox 1367 3625 1451 3680; x_wconf 89' lang='lat' dir='ltr'>relin-</span> 
     </span>
     <span class='ocr_line' id='line_1_33' title="bbox 277 3711 1451 3785; baseline -0.001 -18"><span class='ocrx_word' id='word_1_290' title='bbox 277 3718 355 3783; x_wconf 86' lang='lat' dir='ltr'>quat,</span> <span class='ocrx_word' id='word_1_291' title='bbox 374 3713 448 3783; x_wconf 90' lang='lat' dir='ltr'>quod</span> <span class='ocrx_word' id='word_1_292' title='bbox 461 3717 563 3770; x_wconf 86' lang='lat' dir='ltr'>vocant</span> <span class='ocrx_word' id='word_1_293' title='bbox 576 3711 753 3771; x_wconf 89' lang='lat' dir='ltr'>abluvionem</span> <span class='ocrx_word' id='word_1_294' title='bbox 766 3715 948 3783; x_wconf 88' lang='lat' dir='ltr'>(alluvionem</span> <span class='ocrx_word' id='word_1_295' title='bbox 961 3716 1028 3785; x_wconf 85' lang='lat' dir='ltr'>cod.)</span> <span class='ocrx_word' id='word_1_296' title='bbox 1040 3719 1070 3770; x_wconf 88' lang='lat' dir='ltr'>et</span> <span class='ocrx_word' id='word_1_297' title='bbox 1080 3715 1251 3770; x_wconf 88' lang='lat' dir='ltr'>alluvionem</span> <span class='ocrx_word' id='word_1_298' title='bbox 1265 3713 1451 3784; x_wconf 84' lang='lat' dir='ltr'>(alluvionum</span> 
     </span>
     <span class='ocr_line' id='line_1_34' title="bbox 276 3798 1450 3874; baseline -0.001 -19"><span class='ocrx_word' id='word_1_299' title='bbox 276 3803 357 3870; x_wconf 76' lang='lat' dir='ltr'>cod),</span> <span class='ocrx_word' id='word_1_300' title='bbox 385 3801 499 3870; x_wconf 89' lang='lat' dir='ltr'>repetiti</span> <span class='ocrx_word' id='word_1_301' title='bbox 517 3802 631 3873; x_wconf 85' lang='lat' dir='ltr'>ofinium</span> <span class='ocrx_word' id='word_1_302' title='bbox 650 3820 705 3858; x_wconf 91' lang='lat' dir='ltr'>non</span> <span class='ocrx_word' id='word_1_303' title='bbox 723 3803 807 3856; x_wconf 86' lang='lat' dir='ltr'>datur</span> <span class='ocrx_word' id='word_1_304' title='bbox 827 3803 935 3874; x_wconf 88' lang='lat' dir='ltr'>(finium</span> <span class='ocrx_word' id='word_1_305' title='bbox 954 3803 1076 3856; x_wconf 89' lang='lat' dir='ltr'>addatur</span> <span class='ocrx_word' id='word_1_306' title='bbox 1095 3803 1186 3866; x_wconf 79' lang='lat' dir='ltr'>liber);</span> <span class='ocrx_word' id='word_1_307' title='bbox 1213 3800 1320 3855; x_wconf 92' lang='lat' dir='ltr'>inducit</span> <span class='ocrx_word' id='word_1_308' title='bbox 1340 3798 1450 3869; x_wconf 91' lang='lat' dir='ltr'>(indicit</span> 
     </span>
     <span class='ocr_line' id='line_1_35' title="bbox 277 3889 1452 3959; baseline 0 -17"><span class='ocrx_word' id='word_1_309' title='bbox 277 3889 352 3959; x_wconf 80' lang='lat' dir='ltr'>iiber)</span> <span class='ocrx_word' id='word_1_310' title='bbox 371 3889 446 3943; x_wconf 90' lang='lat' dir='ltr'>enim</span> <span class='ocrx_word' id='word_1_311' title='bbox 464 3891 657 3944; x_wconf 87' lang='lat' dir='ltr'>necessitatem</span> <span class='ocrx_word' id='word_1_312' title='bbox 676 3890 802 3959; x_wconf 85' lang='lat' dir='ltr'>riparum</span> <span class='ocrx_word' id='word_1_313' title='bbox 821 3890 996 3944; x_wconf 86' lang='lat' dir='ltr'>tuendarum.</span> <span class='ocrx_word' id='word_1_314' title='bbox 1016 3890 1089 3959; x_wconf 87' lang='lat' dir='ltr'>quod</span> <span class='ocrx_word' id='word_1_315' title='bbox 1107 3890 1181 3944; x_wconf 87' lang='lat' dir='ltr'>iuste</span> <span class='ocrx_word' id='word_1_316' title='bbox 1198 3889 1310 3943; x_wconf 88' lang='lat' dir='ltr'>videtur</span> <span class='ocrx_word' id='word_1_317' title='bbox 1322 3905 1452 3958; x_wconf 91' lang='lat' dir='ltr'>prospec-</span> 
     </span>
     <span class='ocr_line' id='line_1_36' title="bbox 277 3975 1452 4046; baseline -0.002 -16"><span class='ocrx_word' id='word_1_318' title='bbox 277 3979 346 4039; x_wconf 87' lang='lat' dir='ltr'>tum,</span> <span class='ocrx_word' id='word_1_319' title='bbox 367 3980 399 4029; x_wconf 88' lang='lat' dir='ltr'>ut</span> <span class='ocrx_word' id='word_1_320' title='bbox 421 3978 514 4032; x_wconf 88' lang='lat' dir='ltr'>terrae</span> <span class='ocrx_word' id='word_1_321' title='bbox 532 3976 733 4046; x_wconf 86' lang='lat' dir='ltr'>possessoribus</span> <span class='ocrx_word' id='word_1_322' title='bbox 751 3977 848 4031; x_wconf 89' lang='lat' dir='ltr'>salvae</span> <span class='ocrx_word' id='word_1_323' title='bbox 866 3977 931 4042; x_wconf 91' lang='lat' dir='ltr'>sint,</span> <span class='ocrx_word' id='word_1_324' title='bbox 952 3977 1039 4031; x_wconf 89' lang='lat' dir='ltr'>etiam</span> <span class='ocrx_word' id='word_1_325' title='bbox 1058 3977 1188 4046; x_wconf 89' lang='lat' dir='ltr'>publicae</span> <span class='ocrx_word' id='word_1_326' title='bbox 1208 3975 1342 4030; x_wconf 88' lang='lat' dir='ltr'>utilitatis</span> <span class='ocrx_word' id='word_1_327' title='bbox 1360 3991 1452 4030; x_wconf 85' lang='lat' dir='ltr'>causa.</span> 
     </span>
     <span class='ocr_line' id='line_1_37' title="bbox 277 4063 1453 4135; baseline -0.003 -17"><span class='ocrx_word' id='word_1_328' title='bbox 277 4064 355 4130; x_wconf 78' lang='lat' dir='ltr'>Quod</span> <span class='ocrx_word' id='word_1_329' title='bbox 374 4066 397 4118; x_wconf 89' lang='lat' dir='ltr'>si</span> <span class='ocrx_word' id='word_1_330' title='bbox 417 4064 450 4135; x_wconf 90' lang='lat' dir='ltr'>(si</span> <span class='ocrx_word' id='word_1_331' title='bbox 472 4081 521 4120; x_wconf 84' lang='lat' dir='ltr'>om.</span> <span class='ocrx_word' id='word_1_332' title='bbox 542 4066 619 4134; x_wconf 76' lang='lat' dir='ltr'>leber)</span> <span class='ocrx_word' id='word_1_333' title='bbox 645 4064 674 4117; x_wconf 87' lang='lat' dir='ltr'>vi</span> <span class='ocrx_word' id='word_1_334' title='bbox 693 4066 894 4134; x_wconf 88' lang='lat' dir='ltr'>tempestatum</span> <span class='ocrx_word' id='word_1_335' title='bbox 914 4063 968 4118; x_wconf 87' lang='lat' dir='ltr'>rivi</span> <span class='ocrx_word' id='word_1_336' title='bbox 986 4067 1125 4121; x_wconf 88' lang='lat' dir='ltr'>torrentes</span> <span class='ocrx_word' id='word_1_337' title='bbox 1151 4064 1243 4118; x_wconf 90' lang='lat' dir='ltr'>subito</span> <span class='ocrx_word' id='word_1_338' title='bbox 1262 4063 1374 4117; x_wconf 90' lang='lat' dir='ltr'>alveum</span> <span class='ocrx_word' id='word_1_339' title='bbox 1392 4080 1453 4116; x_wconf 86' lang='lat' dir='ltr'>cur-</span> 
     </span>
     <span class='ocr_line' id='line_1_38' title="bbox 280 4148 1454 4224; baseline -0.003 -18"><span class='ocrx_word' id='word_1_340' title='bbox 280 4169 396 4222; x_wconf 89' lang='lat' dir='ltr'>sumque</span> <span class='ocrx_word' id='word_1_341' title='bbox 414 4152 505 4221; x_wconf 90' lang='lat' dir='ltr'>(alueo</span> <span class='ocrx_word' id='word_1_342' title='bbox 524 4171 658 4222; x_wconf 89' lang='lat' dir='ltr'>cursuque</span> <span class='ocrx_word' id='word_1_343' title='bbox 677 4153 752 4224; x_wconf 80' lang='lat' dir='ltr'>liter)</span> <span class='ocrx_word' id='word_1_344' title='bbox 770 4155 894 4218; x_wconf 87' lang='lat' dir='ltr'>mutent,</span> <span class='ocrx_word' id='word_1_345' title='bbox 919 4152 1025 4206; x_wconf 89' lang='lat' dir='ltr'>iustum</span> <span class='ocrx_word' id='word_1_346' title='bbox 1044 4151 1212 4222; x_wconf 88' lang='lat' dir='ltr'>(munientes</span> <span class='ocrx_word' id='word_1_347' title='bbox 1231 4153 1292 4204; x_wconf 87' lang='lat' dir='ltr'>tam</span> <span class='ocrx_word' id='word_1_348' title='bbox 1310 4148 1399 4219; x_wconf 79' lang='lat' dir='ltr'>liber),</span> <span class='ocrx_word' id='word_1_349' title='bbox 1422 4152 1454 4203; x_wconf 88' lang='lat' dir='ltr'>ut</span> 
     </span>
     <span class='ocr_line' id='line_1_39' title="bbox 278 4237 1454 4309; baseline -0.004 -15"><span class='ocrx_word' id='word_1_350' title='bbox 278 4243 376 4296; x_wconf 87' lang='lat' dir='ltr'>nostra</span> <span class='ocrx_word' id='word_1_351' title='bbox 395 4241 451 4295; x_wconf 88' lang='grc'><strong>1111</strong></span> <span class='ocrx_word' id='word_1_352' title='bbox 468 4240 570 4309; x_wconf 86' lang='lat' dir='ltr'>opinio,</span> <span class='ocrx_word' id='word_1_353' title='bbox 590 4241 651 4304; x_wconf 89' lang='lat' dir='ltr'>erit,</span> <span class='ocrx_word' id='word_1_354' title='bbox 671 4243 703 4294; x_wconf 92' lang='lat' dir='ltr'>ut</span> <span class='ocrx_word' id='word_1_355' title='bbox 722 4240 797 4295; x_wconf 88' lang='lat' dir='ltr'>alvei</span> <span class='ocrx_word' id='word_1_356' title='bbox 815 4239 917 4294; x_wconf 89' lang='lat' dir='ltr'>veteris</span> <span class='ocrx_word' id='word_1_357' title='bbox 934 4241 1002 4294; x_wconf 85' lang='lat' dir='ltr'>fines</span> <span class='ocrx_word' id='word_1_358' title='bbox 1015 4257 1077 4296; x_wconf 88' lang='lat' dir='ltr'>suos</span> <span class='ocrx_word' id='word_1_359' title='bbox 1090 4238 1207 4308; x_wconf 89' lang='lat' dir='ltr'>quisque</span> <span class='ocrx_word' id='word_1_360' title='bbox 1219 4237 1353 4294; x_wconf 88' lang='lat' dir='ltr'>obtineat.</span> <span class='ocrx_word' id='word_1_361' title='bbox 1373 4266 1408 4275; x_wconf 90' lang='lat'><em>-</em></span> <span class='ocrx_word' id='word_1_362' title='bbox 1427 4237 1454 4306; x_wconf 85' lang='grc'>3)</span> 
     </span>
     <span class='ocr_line' id='line_1_40' title="bbox 279 4325 1453 4398; baseline -0.003 -16"><span class='ocrx_word' id='word_1_363' title='bbox 279 4328 380 4382; x_wconf 85' lang='lat' dir='ltr'>efficiet</span> <span class='ocrx_word' id='word_1_364' title='bbox 393 4329 429 4382; x_wconf 88' lang='lat' dir='ltr'>ad</span> <span class='ocrx_word' id='word_1_365' title='bbox 440 4330 513 4397; x_wconf 79' lang='lat' dir='ltr'>Arc,</span> <span class='ocrx_word' id='word_1_366' title='bbox 533 4329 619 4384; x_wconf 86' lang='lat' dir='ltr'>efficit</span> <span class='ocrx_word' id='word_1_367' title='bbox 638 4327 778 4398; x_wconf 54' lang='grc'><strong>1111111111.</strong></span> <span class='ocrx_word' id='word_1_368' title='bbox 796 4357 832 4370; x_wconf 76' lang='lat'>·—</span> <span class='ocrx_word' id='word_1_369' title='bbox 849 4330 876 4394; x_wconf 90' lang='grc'>4)</span> <span class='ocrx_word' id='word_1_370' title='bbox 896 4330 1045 4398; x_wconf 88' lang='lat' dir='ltr'>appareret</span> <span class='ocrx_word' id='word_1_371' title='bbox 1065 4327 1198 4382; x_wconf 77' lang='lat' dir='ltr'>Huschke.</span> <span class='ocrx_word' id='word_1_372' title='bbox 1216 4357 1251 4366; x_wconf 90' lang='lat'><em>-</em></span> <span class='ocrx_word' id='word_1_373' title='bbox 1269 4327 1297 4395; x_wconf 83' lang='grc'>5)</span> <span class='ocrx_word' id='word_1_374' title='bbox 1316 4327 1346 4380; x_wconf 84' lang='grc'>11</span> <span class='ocrx_word' id='word_1_375' title='bbox 1364 4325 1453 4380; x_wconf 69' lang='lat' dir='ltr'>naca-</span> 
     </span>
     <span class='ocr_line' id='line_1_41' title="bbox 278 4431 369 4472; baseline 0 -2"><span class='ocrx_word' id='word_1_376' title='bbox 278 4431 369 4472; x_wconf 81' lang='grc'><strong>1111111.</strong></span> 
     </span>
    </p>
   </div>
   <div class='ocr_carea' id='block_1_5' title="bbox 0 0 1608 5148">
    <p class='ocr_par' dir='ltr' id='par_1_7' title="bbox 0 0 1608 5148">
     <span class='ocr_line' id='line_1_42' title="bbox 0 0 1608 5148; baseline 0 0"><span class='ocrx_word' id='word_1_377' title='bbox 0 0 1608 5148; x_wconf 95' lang='lat' dir='ltr'> </span> 
     </span>
    </p>
   </div>
  </div>
 </body>
</html>
