3184 5156
552 371 639 443 Leges
656 371 709 428 XII
727 370 900 427 tabularum.
1268 377 1311 442 33

216 550 273 616 27.
324 549 430 616 Gutus
453 550 473 615 l.
496 549 559 615 IV
574 551 618 617 ud
642 549 726 616 XII
744 551 803 618 tab.
827 549 884 635 (D.
907 550 1073 635 47‚22,4).·
1098 550 1159 616 His
1182 549 1313 635 (sodali-

126 653 203 737 bus)
227 658 427 740 potestatem
449 654 527 721 facit
551 657 602 721 lex
625 654 702 741 (XII
717 656 809 740 tab),
833 654 1011 741 pactionem
1027 679 1123 744 quam
1141 657 1313 724 vehntsibi

127 757 223 842 ferre,
246 761 327 827 dum
349 784 390 827 ne
412 761 549 847 quidex
571 761 700 847 publica
731 762 803 848 lege
825 767 1051 846 corrumpant,
1082 763 1136 830 sed
1162 763 1241 829 haee
1263 762 1314 827 lex

128 863 261 931 videtur
286 887 326 932 ex
349 866 420 952 lege
441 865 567 933 Solonis
590 867 748 933 translata
769 889 845 935 esse.

566 1040 744 1110 TABULA
767 1040 874 1108 VIIII.

221 1182 252 1250 1.
278 1182 318 1266 2.λ
360 1182 420 1250 otc.
445 1183 496 1268 (dc
518 1180 855 1270 lep.3,4,11‚·19,44):
876 1180 1062 1268 ‘Privilegia
1076 1205 1116 1249 ne
1129 1184 1312 1270 inroganto

130 1287 179 1354 De
203 1289 312 1374 capite
334 1288 413 1354 civis
435 1287 498 1354 nisi
528 1309 585 1373 per
615 1289 790 1354 maximum
819 1287 1019 1352 comitiatum
1040 1323 1085 1335 —
1106 1311 1146 1353 ne
1166 1288 1315 1355 ferunto’.

134 1431 173 1440 -
200 1393 306 1481 Leges
328 1393 600 1480 praeclarissimae
622 1395 661 1460 de
679 1393 743 1459 XII
765 1393 886 1459 tabulis
909 1393 1044 1460 tralatae
1066 1394 1156 1474 duae,
1179 1418 1314 1480 quarum

132 1499 240 1566 altera
261 1500 432 1588 privilegia
446 1500 544 1582 tollit,
567 1500 669 1566 altera
691 1499 847 1584 decapite
870 1498 947 1565 civis
969 1498 1078 1586 rogari
1092 1498 1155 1565 nisi
1176 1501 1315 1565 maximo

132 1605 306 1670 comitiatu
328 1610 427 1672 vetat.

224 1712 256 1776 3.
305 1710 427 1777 Gellius
448 1711 603 1796 (20‚1,7):
625 1711 738 1777 duram
753 1733 820 1776 esse
834 1710 938 1796 legem
953 1713 1058 1796 putas,
1082 1731 1163 1795 quae
1178 1709 1313 1776 iudicem

134 1815 336 1882 arbitrumve
358 1815 427 1882 iure
449 1816 581 1897 datum,
614 1816 669 1901 qui
699 1817 739 1882 ob
768 1840 835 1882 rem
859 1815 1124 1903 [iu]dio[a]ndam
1146 1817 1312 1901 pecuniam

135 1921 297 2007 accepisse
319 1923 482 1988 convietus
504 1925 563 2004 est,
586 1922 690 2006 capite
711 1923 879 2007 poenitur?

223 2029 256 2093 4.
302 2028 498 2111 Pomponius
528 2027 675 2094 enchirid.
705 2028 761 2113 (D.
794 2028 955 2114 1,2‚223).·
987 2031 1169 2113 quaestores
1191 2064 1235 2077 -·
1258 2029 1314 2114 qui

136 2131 332 2218 capitalibus
355 2133 450 2199 rebus
465 2136 657 2219 praeessent,
677 2168 717 2181 -
741 2132 986 2218 appellabantur
1007 2137 1189 2219 quaestores
1212 2135 1317 2219 parri-

137 2238 224 2320 cidii,
248 2260 385 2324 quorum
408 2238 506 2304 etiam
528 2239 676 2305 meminit
697 2238 749 2304 lex
771 2237 835 2304 XII
857 2240 924 2305 tab.

227 2344 258 2410 5.
303 2344 494 2409 Mursianus
517 2343 573 2427 (D.
597 2346 736 2431 48‚4‚3).·
769 2343 834 2409 Lex
856 2340 920 2408 XII
941 2344 1007 2408 tab.
1035 2344 1123 2410 iubet
1146 2366 1236 2425 enm,
1260 2343 1316 2430 qui

19 2519 20 2522 ,
137 2449 267 2516 hostem
289 2448 496 2516 concitaverit
518 2449 614 2534 quive
635 2451 735 2516 eivem
758 2449 844 2515 hosti
865 2448 1048 2531 tradiderit,
1071 2449 1175 2534 capite
1196 2449 1313 2534 puniri.

227 2555 258 2621 6.
304 2554 475 2621 Salvianus
498 2554 687 2639 (deputeris.
711 2555 760 2621 det
775 2558 858 2641 8,5).·
880 2553 1021 2620 Interfiei
1039 2553 1316 2621 -indemnatum

20 2721 22 2746 ,
140 2682 361 2746 quemcunque
383 2660 546 2726 hominem
568 2660 666 2726 etiam
688 2659 752 2726 XII
774 2659 958 2726 tabularum
980 2660 1105 2726 decreta
1133 2658 1314 2726 vetuerunt.

209 2893 298 2942 VIIII.
319 2895 341 2942 1.
361 2894 385 2943 2.
422 2883 476 2942 Ot‘c.
496 2886 524 2957 (l.
542 2886 589 2960 c.):
616 2895 647 2942 In
664 2895 771 2956 privatos
790 2893 898 2942 homiues
920 2897 988 2954 leges
1006 2894 1064 2942 ferri
1082 2897 1218 2952 noluerunt,
1236 2894 1261 2940 id
1280 2896 1317 2940 est

139 2984 202 3031 enim
222 2982 384 3044 privilegium,
403 2995 450 3044 quo
469 2982 526 3045 qnid
546 2987 585 3030 est
602 2983 721 3042 iniustius,
740 2996 794 3031 oum
811 2985 872 3043 legis
891 2982 952 3030 hess
969 2984 1006 3030 vis
1024 2984 1063 3040 sit,
1083 2983 1170 3030 scitum
1189 2986 1214 3028 et
1225 2983 1317 3028 iussum

140 3074 165 3120 in
183 3085 277 3120 omnes.
312 3071 380 3120 Ferri
398 3071 429 3117 de
447 3071 548 3130 singulis
568 3064 670 3134 [munit
687 3079 741 3119 esse
758 3071 787 3117 de
805 3072 885 3133 capite
904 3072 963 3119 oleta
981 3071 1028 3118 Tu.
1044 3063 1089 3134 Μ.]
1110 3070 1157 3118 nisi
1174 3070 1316 3117 centuriatis

140 3162 243 3209 comitiis
262 3160 405 3218 notuerunt3
434 3158 564 3222 discriptus
584 3153 645 3223 {aab
661 3169 727 3221 ser„
750 3160 884 3223 detemptus
903 3153 968 3208 libtt'
993 3161 1040 3206 Tra.
1058 3151 1105 3223 Μ.]
1134 3160 1197 3205 enim
1215 3159 1317 3220 populus

141 3263 222 3308 sensu,
242 3247 373 3306 ordinibus,
393 3248 524 3308 aetathus,
545 3249 599 3312 plus
618 3248 719 3295 adhibet
736 3248 768 3295 ad
787 3247 930 3307 suffragium
948 3247 1049 3303 consilii,
1067 3247 1212 3309 queminus
1230 3245 1255 3290 in
1275 3245 1318 3290 tri·

141 3337 184 3385 bus
202 3339 357 3384 convocatus.
394 3325 447 3382 Oie.
474 3327 513 3398 (p.
532 3327 599 3383 Sest.
617 3327 680 3397 30):
709 3349 763 3384 oum
782 3339 807 3382 et
825 3335 926 3383 sacratis
944 3333 1039 3395 legibus
1058 3337 1084 3380 et
1102 3333 1153 3380 XII
1165 3334 1218 3380 tab.
1237 3331 1316 3378 sanot-

141 3428 191 3472 tum
210 3428 284 3482 esset,
302 3429 331 3472 ut
348 3437 428 3486 aeque
446 3423 597 3484 privilegium
614 3423 718 3483 irrogari
735 3424 828 3480 ltoeret,
846 3436 925 3484 neque
943 3421 1066 3485 decapite
1083 3421 1131 3467 nisi
1148 3420 1250 3468 comitiis
1262 3433 1317 3465 oen·

141 3515 238 3562 testatis
260 3512 340 3572 regeri
357 3509 405 3559 cet.
442 3502 495 3558 oie.
523 3503 566 3576 (dc
583 3503 661 3558 domo
678 3503 738 3574 17)=
766 3513 853 3558 vetant
871 3509 922 3556 XII
940 3508 992 3557 tab.
1010 3511 1077 3568 leges
1095 3509 1196 3570 privatis
1215 3503 1317 3552 homini·

140 3601 183 3650 bus
201 3602 312 3662 irrogari,
331 3600 356 3648 id
374 3604 412 3647 est
430 3601 495 3646 enim
513 3599 674 3662 privilegium.
712 3590 764 3646 Oia.
784 3589 892 3658 (ἅπερ.
910 3589 1000 3659 2,36);
1026 3599 1079 3643 lens
1097 3600 1135 3644 eet
1155 3619 1187 3628 -
1209 3591 1234 3642 0.
1258 3593 1317 3639 Iulii

141 3683 237 3753 (Xve'tt
253 3699 280 3738 a.
299 3682 345 3753 Π)
362 3711 396 3723 ·-
415 3689 480 3752 quod
499 3702 526 3737 se
544 3691 624 3749 legem
641 3689 710 3735 illam
729 3711 761 3721 -
779 3689 947 3746 neglecturum
965 3689 1080 3744 negaret,
1107 3697 1170 3746 qnae
1189 3682 1219 3729 de
1237 3679 1317 3741 capite

143 3780 199 3828 uris
218 3779 288 3826 Item,
305 3777 354 3826 atei
372 3776 474 3825 comitiis
492 3776 634 3824 centuriatis
652 3775 728 3822 statui
746 3777 851 3824 vetaret.

211 3869 236 3914 3.
273 3866 305 3914 ob
323 3879 374 3914 rem
391 3865 520 3913 &cendam
538 3855 623 3912 Gellii
639 3856 710 3911 lebri.

210 3956 237 4001 4.
276 3944 318 4015 Of.
337 3944 411 4002 Feci.
431 3953 584 4008 Quaestores.
613 3951 715 3999 Paniai.

210 4043 236 4092 c.
271 4032 397 4089 Satvinni
413 4033 500 4089 locunt
517 4033 665 4088 Sctceltins
684 4031 723 4103 (p.
741 4030 786 4100 58)
805 4029 842 4084 ad
858 4029 1031 4084 uenientum
1050 4028 1122 4099 (8,24
1140 4024 1165 4095 c)
1182 4023 1314 4094 pertinere

141 4129 234 4195 putat,
262 4129 428 4178 indemnatum
453 4122 605 4192 inteltepens
622 4123 755 4190 inteprun
772 4124 797 4174 et
820 4118 947 4188 labarum,-
974 4116 1040 4170 locis
1057 4120 1146 4169 autem
1167 4127 1251 4181 sarpta
1277 4109 1316 4163 at·

143 4210 205 4266 tutis
227 4209 359 4265 eausam
381 4210 527 4280 probatur,
550 4210 644 4279 potius
667 4207 699 4262 de
715 4207 847 4276 supplicio
864 4204 991 4261 sumendo
1009 4203 1053 4258 tie
1070 4203 1123 4272 aqi.
1161 4199 1206 4268 Of.
1229 4197 1317 4253 vaur.

144 4298 220 4354 Max.
240 4299 305 4369 (72,
323 4303 375 4354 ext.
393 4297 448 4368 15):
476 4307 543 4364 leges
561 4304 666 4366 Lycurgi
683 4324 719 4340 -
736 4303 766 4349 de
784 4301 930 4349 indemnatis
949 4299 1092 4361 supplicium
1110 4295 1173 4342 sumi
1190 4292 1316 4341 vetabant.

149 4385 235 4448 Vellei.
257 4385 354 4457 (2‚45):
382 4393 480 4440 Clodiis·
507 4413 540 4426 ·-
558 4393 638 4451 legem
659 4413 691 4424 —
710 4390 780 4446 tulit,
810 4389 852 4451 qni
873 4389 950 4435 aivam
973 4387 1043 4434 Rom.
1060 4384 1227 4431 indemnatum
1244 4381 1319 4427 inter-

145 4482 249 4541 emisset,
277 4482 300 4529 οἱ
318 4495 382 4543 aqna
400 4484 426 4551 et
443 4481 494 4540 igni
511 4479 704 4537 iuterdtoeretur,
723 4476 790 4527 cuius
808 4475 890 4526 verbis
908 4476 956 4524 etsi
974 4487 1021 4523 non
1039 4469 1210 4521 nominabatur
1227 4467 1317 4528 Cicero,

178 4587 273 4648 Bevus,
291 4586 380 4635 Fontes
399 4587 465 4636 iuris.
490 4586 535 4640 ud.
554 4585 585 4634 V.
