3190 5148
466 318 564 382 Varro,
584 320 619 378 de
637 319 737 388 lingua
757 318 865 382 Latina,
884 318 903 372 l.
922 317 969 372 Vl.
1247 321 1310 390 383

133 495 212 576 deo',
235 498 263 561 si
286 495 411 562 iocandi
434 517 529 560 causa
551 496 642 575 dixit,
665 517 769 580 neque
791 495 845 580 agi
867 498 973 578 potest
988 517 1060 560 cum
1076 517 1112 561 eo
1128 519 1166 560 ex
1183 519 1312 581 sponsu.

132 601 248 687 Itaque
279 603 306 666 si
337 599 409 685 qui¹
440 601 517 664 dicit
549 600 583 664 in
606 600 790 686 tragoedia:
827 598 1053 663 ‘Meministine
1085 603 1118 663 te
1140 599 1310 684 spondere2

132 707 215 776 mihi
238 703 390 792 gnatam³
412 704 535 770 tuam?'
565 705 648 790 quod
671 705 739 770 sine
761 709 875 789 sponte
898 727 955 768 sua
978 704 1068 783 dixit,
1093 726 1164 769 cum
1188 728 1224 771 eo
1248 729 1312 770 non

132 816 239 897 potest
263 811 317 897 agi
340 833 379 876 ex
402 809 548 894 sponsu⁴.

225 917 276 981 74.
309 915 504 1002 Sponsor
527 919 558 980 et
581 936 707 999 praes
731 919 763 980 et
785 937 857 980 vas
879 937 981 1000 neque
1004 916 1115 996 idem⁶,
1138 939 1241 1000 neque
1263 939 1313 982 res

136 1045 157 1086 a
180 1022 296 1106 quibus
319 1020 364 1100 hi,
389 1021 443 1085 sed
467 1043 484 1084 e
506 1043 540 1084 re
560 1020 672 1085 simile.
719 1018 832 1104 ltaque
855 1043 987 1105 praes,
1012 1021 1066 1106 qui
1085 1021 1312 1106 amagistratu

134 1129 363 1213 iuterrogatus,
387 1126 420 1192 in
444 1126 608 1210 publicum
630 1130 667 1190 ut
690 1125 863 1208 praestet⁸3
894 1149 912 1190 a
936 1145 998 1210 quo
1021 1130 1062 1205 et,
1086 1147 1158 1190 cum
1181 1149 1313 1211 respon-

138 1234 202 1313 det,
226 1232 319 1297 dicit:
344 1231 464 1316 ‘praes'.
509 1229 576 1294 Vas
600 1230 789 1315 appellatus,
812 1231 867 1316 qui
890 1253 949 1315 pro
973 1231 1073 1295 altero
1096 1231 1313 1296 vadimonium

137 1336 356 1423 promittebat.
404 1335 604 1401 Consuetudo
628 1339 710 1414 erat,
743 1356 815 1398 cum
846 1358 918 1399 reus
941 1358 1054 1418 parum
1077 1342 1159 1401 esset
1180 1338 1311 1401 idoneus

140 1443 276 1527 inceptis
299 1442 403 1520 rebus,
427 1446 464 1506 ut
485 1463 544 1526 pro
567 1462 600 1505 se
622 1440 720 1504 alium
742 1440 843 1520 daret,
866 1463 963 1524 aquo
979 1441 1099 1506 caveri⁷
1115 1445 1225 1526 postea
1240 1443 1311 1528 lege

139 1553 288 1633 coeptum
311 1553 359 1616 est
381 1548 422 1612 ab
445 1547 512 1626 his,
545 1547 600 1628 qui
622 1545 752 1631 praedia
774 1545 962 1626 venderent,
986 1547 1097 1612 vadem
1119 1571 1160 1612 ne
1183 1547 1311 1626 dareut3

138 1655 180 1718 ab
204 1675 240 1718 eo
264 1653 400 1720 adscribi
423 1656 569 1736 coeptum
592 1653 626 1715 in
648 1651 719 1738 lege
740 1651 986 1736 mancipiorum:
1022 1652 1155 1719 ‘Vadem
1176 1675 1216 1718 ne
1238 1674 1311 1738 pos-

136 1759 271 1844 cerent⁸,
294 1781 351 1827 nec
374 1757 522 1828 dabitur'.

224 1864 276 1930 81.
308 1862 437 1927 Dictum
461 1885 586 1928 cerno
609 1885 627 1926 a
650 1884 749 1942 sorec,
772 1863 804 1926 id
828 1866 875 1927 est
899 1886 918 1927 a
944 1864 1095 1943 creand03
1127 1864 1247 1930 dictum
1273 1865 1314 1928 ab

136 1991 192 2048 eo,
227 1969 310 2053 quod
341 1991 413 2040 cum
445 1969 521 2059 quid
543 1972 684 2033 creatum
707 1971 765 2046 est,
793 1972 870 2032 tunc
892 1968 1027 2054 denique
1049 1969 1184 2034 videtur.
1230 1969 1314 2032 Hinc

134 2111 181 2122 —-
204 2074 260 2159 qui
282 2073 331 2138 id⁹
354 2073 388 2137 in
411 2076 620 2139 testamento:
655 2074 687 2137 id
710 2077 758 2138 est
780 2073 895 2153 facito,
926 2074 1055 2138 videant
1077 2079 1109 2139 te
1133 2098 1200 2140 esse
1221 2074 1313 2139 here-

138 2180 229 2258 dcm;
253 2180 362 2263 itaque
383 2179 418 2242 in
440 2180 580 2246 cretione
603 2178 751 2243 adhibere
773 2179 885 2243 iubent
907 2179 1049 2244 testes¹⁰.

225 2285 277 2350 86.
303 2331 362 2348 ...
387 2305 472 2348 nunc
494 2283 633 2368 primum
655 2306 772 2368 ponam
794 2283 865 2348 de¹¹
890 2283 1040 2348 censoriis
1063 2283 1201 2349 tabulis:
1236 2283 1313 2349 ‘Ubi

134 2395 232 2456 noctu
263 2391 297 2453 in
325 2390 480 2476 templum
512 2387 654 2454 censor¹2
688 2389 899 2473 auspicaverit
928 2393 1024 2476 atque
1051 2389 1089 2453 da
1116 2389 1202 2453 caelo
1228 2411 1311 2452 nun-

134 2493 257 2560 tium¹³
292 2494 369 2574 crit,
400 2494 548 2578 praeconi
563 2493 590 2530 ¹⁴
621 2494 666 2559 sic
688 2494 862 2578 imperato,
898 2497 934 2557 ut
956 2494 1042 2559 viros
1064 2498 1172 2559 uocet:
1210 2492 1311 2569 ‘Quod

135 2603 256 2669 bonum
289 2600 489 2668 fortunatum
518 2600 657 2684 felixque
684 2600 885 2682 salutareque
907 2598 1001 2664 siet¹⁶
1023 2599 1141 2683 populo
1165 2596 1311 2663 Romano

137 2705 311 2786 Quiritium
343 2707 452 2791 reique
484 2705 629 2790 publicae
661 2704 771 2789 populi
794 2702 931 2768 Romani
964 2702 1137 2779 Quiritium
1169 2703 1312 2788 mihique

137 2810 341 2897 collegaeque
373 2832 443 2874 meo
475 2809 548 2874 fidei
571 2808 838 2894 magistratuique
861 2812 987 2875 nostro!
1033 2807 1150 2874 Omnes
1173 2808 1312 2885 Quirites

137 2915 260 2998 pedites
285 2919 434 2992 armatos,
458 2914 664 2999 privatosque
687 2919 847 2979 curatores
864 2915 1005 2979 omnium
1021 2915 1174 2993 tribuum,
1198 2915 1224 2978 si
1241 2913 1312 2997 quis

135 3041 195 3104 pro
218 3043 252 3085 se
275 3021 340 3090 sive
361 3020 454 3104 pro¹⁶
478 3019 577 3085 altero
601 3019 757 3084 rationem
784 3019 892 3084 dare¹⁷
915 3020 1009 3098 volet,
1041 3017 1188 3084 uocato18
1210 3019 1245 3080 in
1270 3017 1311 3081 li-

138 3125 224 3190 cium
255 3127 318 3190 huc
345 3126 385 3189 ad
417 3124 486 3192 me'.
533 3124 584 3188 87.
618 3123 734 3188 Praeco
766 3124 800 3188 in
830 3124 950 3207 templo
982 3125 1121 3208 primum
1155 3126 1268 3187 vocato
1286 3120 1312 3157 ¹⁸

137 3237 250 3315 postea
281 3233 318 3296 de
346 3232 461 3296 moeris
490 3231 567 3295 item
589 3227 744 3294 vocatum.
790 3227 856 3293 Ubi
879 3229 978 3308 lucet,
1010 3222 1152 3292 censores
1165 3225 1202 3307 ¹⁰,
1235 3227 1312 3290 scri-

137 3338 207 3416 bae,
231 3337 437 3422 magistratus
460 3335 592 3400 murrha
613 3334 849 3418 unguentisque
874 3332 1098 3418 unguentor²⁰.
1134 3332 1198 3398 Ubi
1217 3355 1310 3417 prae-

228 3528 253 3598 1)
271 3528 314 3583 ita
332 3526 443 3597 quisqui
463 3527 497 3581 F.
518 3557 549 3566 -
568 3527 596 3596 2)
614 3527 643 3579 tc
662 3525 832 3595 despondere
851 3525 884 3579 F.
904 3555 939 3565 -
965 3527 992 3588 3)
1011 3527 1149 3594 agnatum
1168 3524 1202 3579 F.
1223 3554 1255 3563 -
1283 3526 1311 3593 4)

136 3616 322 3671 Deuaioarso
340 3615 463 3669 hocloco
487 3618 514 3682 (§
532 3616 647 3681 69-72)
675 3614 709 3683 ef.
729 3614 850 3683 Luciam„
869 3614 990 3685 Spengel,
1012 3615 1091 3669 lbcto
1114 3631 1199 3683 supro
1213 3631 1242 3683 p.
1260 3617 1312 3668 377

136 3721 164 3757 a.
183 3708 199 3757 1
216 3704 271 3757 citt.
308 3703 446 3771 Huscblce,
466 3702 551 3757 ZGR.
570 3705 673 3769 10,327,
692 3733 727 3742 -
745 3702 772 3772 5)
790 3701 852 3759 ideo
871 3703 906 3756 F.
935 3733 967 3742 -
986 3703 1013 3770 6)
1033 3718 1114 3773 praes
1133 3703 1186 3755 siet
1209 3701 1312 3755 Polme·

136 3793 203 3845 rius
231 3821 264 3830 -
290 3793 316 3859 7)
338 3792 434 3844 caueri
453 3790 487 3844 F.
517 3821 550 3830 -
578 3791 604 3856 8)
623 3807 674 3845 neo
691 3792 786 3859 poscet
805 3790 953 3860 Scioppius.
973 3821 1005 3830 -
1026 3790 1052 3860 9)
1072 3789 1131 3860 [qui
1149 3789 1179 3842 id
1193 3789 1312 3856 fortusse

139 3884 297 3947 cariatum
314 3894 347 3931 ec
365 3877 478 3932 cernito.
506 3877 555 3930 Ta.
575 3878 624 3948 Μ.)
644 3909 677 3918 -
699 3877 742 3949 10)
763 3877 816 3933 Oia.
834 3879 872 3932 od
888 3879 946 3934 Art.
965 3879 1058 3945 13,4o.·
1076 3875 1195 3942 cognovi
1213 3875 1311 3931 cretio-

139 3983 206 4021 nem
224 3965 324 4028 (lluvii,
344 3996 375 4004 —
395 3965 515 4019 liberam
534 3967 692 4029 cretionem,
711 3965 830 4019 testibus
849 3964 1052 4034 praesentibus,
1072 3962 1119 4016 LX
1133 3961 1237 4017 diebus.
1269 3961 1310 4031 Of.

137 4055 258 4123 iufrop.
277 4055 329 4106 386
347 4052 474 4120 cazas.
501 4083 533 4091 -—
554 4054 597 4122 11)
618 4052 652 4106 de
670 4068 720 4105 om.
742 4052 797 4106 cod.
816 4081 851 4090 -
872 4053 914 4119 12)
937 4067 1051 4106 censora
1070 4050 1104 4103 F.
1123 4080 1156 4088 -
1178 4049 1219 4119 13)
1241 4049 1310 4103 For·

139 4149 209 4197 tasse
227 4141 392 4195 scribendum
411 4141 581 4204 nuntiatum,
601 4157 761 4208 quamquam
780 4141 859 4194 atium
878 4140 1009 4193 nuntium
1028 4139 1059 4192 de
1077 4154 1107 4192 eo
1120 4138 1192 4205 quod
1202 4139 1310 4190 nuutio-

137 4236 183 4284 tur
197 4229 296 4282 buum
309 4229 416 4296 defeudc'
429 4233 523 4296 potest.
543 4259 576 4266 —
597 4230 640 4296 14)
659 4228 802 4298 praeconis
815 4227 849 4280 F.
871 4258 899 4266 -
923 4229 966 4294 15)
985 4227 1111 4280 salutare
1129 4225 1260 4295 quesierit
1276 4225 1311 4280 F.

138 4349 169 4358 -
193 4318 236 4384 16)
255 4317 278 4370 si
296 4316 381 4371 verbo
399 4316 434 4372 F.
462 4347 495 4356 -
528 4318 571 4386 17)
589 4316 651 4370 dari
670 4316 703 4372 F.
723 4314 755 4355 ’-
777 4315 820 4385 18)
838 4317 921 4371 uocat
940 4314 974 4368 F.
993 4343 1027 4353 -—
1048 4314 1090 4379 19)
1109 4329 1204 4367 censor
1224 4310 1257 4366 F.
1277 4343 1309 4351 -

137 4406 183 4477 20)
201 4406 364 4474 unguentur
382 4404 417 4460 F.
