3184 5156
273 368 315 432 10
756 364 842 435 noga
859 363 962 435 regiae.

269 547 421 608 κοινωνὸν
443 543 592 629 ἐσομένην
623 543 712 626 ἱερῶν
735 564 769 606 τε
791 544 846 606 καὶ
868 540 1038 627 χρημάτων
1060 543 1145 606 κατὰ
1165 545 1239 618 τοὺς
1261 543 1444 629 νόμουςμη-

276 647 344 712 κέτι
367 651 422 732 τὴν
446 647 588 726 ἐξουσίαν
611 649 753 732 εἶναιτῷ
777 649 870 730 πατρὶ
893 646 1008 711 πωλεῖν
1031 649 1083 711 τὸν
1107 647 1181 713 υἱόν.

361 755 411 818 ll.
445 754 530 819 Plul.
554 754 795 839 (Numo12):¹
821 750 869 834 (Ὁ
892 750 1016 837 Νομᾶς)
1039 754 1079 816 τὰ
1100 752 1204 840 πένθη
1226 753 1304 819 καθ’
1318 753 1444 841 ἡλικίας

269 860 324 922 καί
355 859 487 943 χρόνους
519 858 643 939 ἔταξεν,
679 860 742 922 οἷον
772 857 869 920 παῖδα
900 861 942 942 μὴ
971 858 1098 922 πενθεῖν
1121 857 1272 943 νεώτερον
1295 869 1445 944 τριετοῦς,

271 965 350 1049 μηδὲ
371 965 580 1051 πρεσβύτερον
604 963 750 1038 πλείονας
774 973 872 1048 μῆνας
895 964 938 1027 ὧν
962 962 1090 1050 ἐβίωσεν
1111 964 1258 1029 ἐνιαυτῶν
1275 964 1368 1050 μέχρι
1383 973 1445 1029 τῶν

270 1068 360 1153 δέκα,
384 1071 439 1133 καὶ
462 1068 636 1152 περαιτέρω
653 1069 804 1155 μηδεμίαν
819 1069 961 1154 ἡλικίαν·
986 1069 1070 1133 ἀλλὰ
1085 1078 1140 1133 τοῦ
1156 1071 1357 1155 μακροτάτου
1372 1069 1413 1134 πέ
1431 1107 1444 1119 -

268 1174 347 1249 θους
370 1174 483 1259 χρόνον
511 1175 587 1238 εἶναι
609 1175 840 1261 δεκαμηνιαῖον,
872 1174 920 1258 ἐφ’
942 1176 1016 1238 ὅσον
1040 1177 1094 1238 καὶ
1118 1176 1304 1261 χηρεύουσιν
1327 1176 1444 1242 αἰτῶν

270 1279 496 1344 ἀποθανόντων
518 1290 685 1364 γυναῖκες·
707 1280 728 1365 η
752 1280 787 1343 δέ
809 1279 963 1364 πρότερον
985 1281 1167 1366 γαμηθεῖσα
1189 1281 1263 1368 βοῦν
1283 1281 1445 1367 ἐγκύμονα

269 1384 424 1452 κατέθυεν
449 1386 569 1452 ἐκείνου
592 1385 875 1473 νομοθετήσαντος.

687 1582 717 1652 ε)
741 1581 1026 1650 ΙυομυῑιΗσυισ.

361 1707 411 1772 12.
449 1706 482 1773 Si
504 1729 553 1781 qm
575 1727 705 1771 norman
726 1727 851 1770 mannum
873 1727 946 1770 nono
969 1725 1063 1770 smnus
1078 1727 1167 1769 noum
1189 1725 1268 1784 num,
1298 1725 1445 1769 efflamus

269 1832 348 1875 nano.
366 1810 379 1846 ²

358 1918 408 1982 13.
442 1916 571 1983 Seruius
594 1918 643 2003 (ia
667 1918 796 2002 νεαραῖσι
818 1918 871 2001 apl.
887 1914 995 2001 4‚43):
1018 1915 1057 1982 In
1078 1915 1204 1982 Numae
1225 1915 1350 2002 legibus
1370 1937 1445 1980 oau-

272 2023 342 2086 tum
365 2026 429 2101 est,
461 2026 498 2087 ut
520 2023 547 2088 si
570 2025 641 2109 quis
663 2024 847 2109 imprudens
869 2023 1034 2088 occidisset
1055 2023 1226 2103 hominem,
1259 2044 1318 2107 pro
1341 2021 1445 2106 eapite

269 2127 363 2192 oooisi
385 2125 512 2213 ag'natis
535 2129 601 2211 eius
624 2131 657 2195 in
680 2127 849 2194 contione⁸
873 2128 1000 2194 offerret
1022 2125 1189 2195 arietem.⁴

254 2225 261 2236 ’
360 2234 410 2297 14.
448 2230 620 2300 Marcellus
635 2236 654 2300 l.
667 2240 713 2301 28
728 2236 916 2319 clipeatorum
929 2233 985 2319 (D.
995 2235 1133 2321 11‚a,2):
1157 2233 1266 2320 Negat
1280 2234 1332 2299 lex
1343 2233 1442 2319 regia,

272 2341 447 2418 mulierem,
472 2364 552 2427 quae
567 2365 746 2430 praegnans
770 2347 896 2408 mortua
911 2343 963 2423 sit,
986 2342 1123 2421 humari,
1147 2343 1318 2424 antequam
1331 2343 1443 2423 partus

271 2446 300 2510 ei
323 2447 502 2526 excidatur;
534 2449 589 2533 qui
610 2453 722 2514 contra
750 2448 876 2529 feeerit,
910 2471 997 2533 spem
1021 2447 1193 2513 animantis
1216 2468 1289 2511 oum
1310 2445 1445 2531 gravida

271 2552 441 2635 peremisse
463 2552 598 2619 videtur.

362 2657 413 2721 15.
444 2655 542 2723 Fert:
566 2656 679 2722 Aliuta
702 2658 827 2743 antiqui
850 2657 997 2723 dicebant
1018 2679 1077 2744 pro
1100 2657 1193 2722 aliter
1215 2679 1275 2733 —3
1299 2655 1374 2720 hino
1397 2659 1447 2720 est

272 2762 352 2827 illud
375 2762 409 2826 in
432 2763 557 2848 legibus
579 2762 705 2829 Numae
726 2762 881 2848 Pompili:
908 2785 935 2828 si
956 2784 1102 2837 qumquem
1124 2784 1229 2827 imum
1252 2783 1345 2841 rrum,
1369 2783 1447 2826 usos

272 2890 331 2933 ron
353 2889 440 2934 sicus
462 2891 540 2934 πετο.

358 2975 409 3038 16.
432 2972 694 3058 1)ι“οιι.(2,7εέ)ιδ
716 2974 737 3060 ἡ
760 2976 831 3059 περὶ
853 2978 925 3052 τοὺς
949 2974 1095 3060 ὁρισμοὺς
1113 2983 1175 3041 τῶν
1190 2974 1336 3060 κτήσεων
1349 2995 1443 3059 νομο-

342 3149 367 3216 1)
386 3146 491 3215 (Numa
509 3147 631 3203 officium
654 3148 771 3217 lugendi
790 3150 941 3204 secundum
959 3149 1067 3203 aetates
1091 3150 1119 3204 et
1137 3151 1265 3220 tempora
1289 3148 1447 3216 coustituit,

273 3236 306 3290 ut
328 3252 446 3305 puerum
469 3235 554 3290 trimo
579 3235 715 3291 minorem
740 3237 854 3306 nequis
878 3239 984 3307 lugeat,
1010 3237 1144 3293 maiorem
1163 3254 1198 3292 ne
1215 3237 1310 3308 plures
1329 3254 1446 3302 menses,

274 3341 360 3393 quam
386 3340 474 3378 anuos
499 3321 616 3388 vixerit,
644 3339 730 3394 usque
756 3322 791 3378 ad
815 3324 921 3379 decem:
948 3341 999 3380 neo
1016 3342 1185 3394 quemquam
1203 3324 1323 3379 cuiusvis
1341 3325 1446 3380 aetatis

270 3412 361 3474 ultra;
382 3409 430 3465 sed
449 3409 605 3480 longissimi
623 3410 716 3464 luctus
734 3411 843 3480 tempus
863 3428 921 3466 esse
939 3412 1032 3466 decem
1051 3413 1196 3467 mensium.
1224 3410 1367 3483 Perjquod
1381 3429 1445 3483 spa-

275 3500 348 3554 tium
367 3498 499 3554 uxoribus
517 3515 626 3568 quoque
644 3497 838 3553 defunctorum
866 3517 882 3554 ε
901 3499 1028 3554 secundis
1047 3499 1154 3570 nuptiis
1174 3499 1372 3554 abstinendum
1391 3502 1449 3568 est;

274 3588 303 3642 et
320 3587 344 3640 si
362 3603 419 3657 qua
438 3585 516 3656 prius
535 3586 670 3656 nupserit,
690 3587 789 3642 bovem
808 3588 896 3642 fetam
913 3587 1060 3644 immolare
1078 3587 1201 3644 debebat
1218 3605 1251 3644 ex
1268 3588 1345 3642 illius
1363 3589 1448 3659 lego.)

272 3675 315 3745 Of.
333 3674 392 3730 Va.
400 3675 515 3744 fr.321:
544 3675 670 3744 augendi
688 3677 754 3730 sunt
773 3677 903 3746 parentes
922 3693 1004 3742 anno,
1024 3676 1106 3732 liberi
1126 3676 1244 3732 maiores
1262 3677 1287 3731 X
1307 3693 1446 3731 annorum

273 3779 360 3832 aeque
379 3780 453 3818 auno
472 3763 505 3824 (Χ
524 3761 681 3831 mensium),
700 3763 820 3819 minores
839 3795 874 3803 -
893 3765 937 3819 tot
956 3765 1096 3819 mensibus
1116 3795 1149 3806 -
1167 3767 1236 3834 quot
1249 3781 1386 3819 annorum
1398 3762 1447 3818 de·

270 3850 406 3906 cesserint
427 3867 513 3920 usque
538 3848 574 3903 ad
594 3850 757 3914 trimatum
782 3849 874 3905 minor
893 3850 978 3906 trimo
998 3869 1055 3907 non
1074 3852 1188 3922 lugetur
1207 3850 1253 3907 sed
1272 3851 1447 3920 sublugetur‚

274 3938 366 3995 minor
385 3939 514 3995 anniculo
533 3955 622 4008 neque
640 3940 757 4007 lugetur
775 3955 865 4007 nequo
883 3939 1058 4009 subiugatur.
1087 3969 1121 3980 ·-
1142 3941 1168 4009 2)
1186 3940 1258 3994 Fert.
1278 3938 1392 3994 Parrioi.
1411 3968 1446 3979 -

273 4027 419 4082 Parricida
437 4045 493 4083 non
510 4028 608 4098 utique
625 4027 657 4091 is,
676 4026 724 4095 qui
742 4028 889 4096 parentem
908 4027 1059 4092 occidisset,
1078 4026 1233 4093 dicebatur,
1251 4026 1301 4081 sed
1321 4026 1448 4097 qualem·

273 4133 380 4185 uunque
408 4117 551 4173 hominem
575 4116 780 4170 indemnatum.
817 4115 861 4170 lta
885 4114 970 4170 fuisse
991 4115 1098 4170 indicat
1122 4116 1168 4170 lex
1185 4115 1296 4170 Numae
1316 4113 1448 4184 Pompilii

271 4203 346 4273 regis
365 4203 407 4258 his
433 4203 587 4274 composita
610 4202 719 4258 verbis:
744 4202 775 4256 ‘si
795 4201 843 4272 qui
868 4204 924 4260 cat'
944 4235 975 4242 —
996 4203 1038 4272 Cf.
1057 4203 1121 4273 Lep.
1141 4204 1219 4258 Rom.
1235 4207 1274 4257 12.
1301 4233 1334 4243 -
1354 4203 1381 4273 3)
1400 4203 1448 4258 Ita

272 4292 420 4348 amedaeo
437 4292 564 4348 Huschke
576 4309 630 4364 pro
649 4294 677 4347 et
695 4293 771 4347 natis
790 4291 847 4346 eius
864 4291 896 4346 in
917 4291 1055 4350 cautione.
1072 4322 1108 4331 —
1125 4291 1154 4355 4)
1175 4291 1217 4360 οἵ.
1231 4290 1304 4345 Sero.
1324 4292 1355 4346 ia
1370 4290 1447 4362 γαρ.

270 4397 358 4451 pomp.
378 4383 467 4448 3,387:
496 4383 570 4451 apud
589 4381 717 4448 ,maiores
735 4379 877 4437 homioidii
894 4397 1014 4450 poenam
1033 4379 1132 4435 noxius
1150 4377 1247 4434 arietis
1266 4379 1370 4435 damno
1387 4378 1448 4433 lue-

272 4469 335 4534 bat,
364 4467 438 4539 quod
456 4467 487 4523 in
505 4485 603 4538 regum
628 4467 738 4539 legibus
756 4466 871 4537 legitur.
900 4497 932 4507 -
951 4468 978 4538 5)
997 4465 1043 4538 (de
1061 4465 1189 4522 terminis
1209 4483 1342 4536 agrorum
1360 4465 1447 4536 legis-
