3190 5148
714 347 854 404 Boethius.
1300 352 1364 418 399

184 524 269 590 cives
295 523 450 618 ¹Romani.
496 521 530 588 Si
560 523 631 607 quis
662 542 738 607 ergo
766 521 981 587 consentiente
1011 524 1061 588 vel
1083 523 1212 591 iubente
1235 524 1363 590 domino

188 652 303 695 nomen
327 630 491 696 detulisset
512 629 546 692 in
569 649 706 708 censum,
730 627 807 692 civis
826 625 988 692 Romanus
1017 627 1124 708 fiebat,
1148 631 1180 693 et
1202 630 1363 694 servitutis

185 735 317 800 vinculo
349 733 559 800 solvebatur¹.
589 770 632 780 -
662 733 744 798 Erat
777 733 874 798 etiam
903 755 977 817 pars
1011 734 1112 798 altera
1145 734 1363 820 adipiscendae

185 839 355 920 libertatis,
379 862 462 924 quae
476 837 617 904 vindicta
633 838 814 903 vocabatur.
858 835 1059 902 Vindicta
1082 861 1156 904 vero
1171 843 1219 903 est
1237 839 1361 924 virgula

185 947 360 1030 quaedam,
396 967 491 1029 quam
525 943 620 1009 lictor
652 944 897 1009 manumittendi
932 944 1014 1008 servi
1047 945 1144 1028 capiti
1177 943 1358 1028 imponens2

184 1051 318 1116 eundern
342 1073 468 1116 servum
491 1049 525 1115 in
548 1049 728 1114 libertatem
743 1048 935 1128 vindicabat,
958 1049 1064 1113 dicens
1087 1049 1239 1133 quaedam
1262 1051 1359 1115 verba

186 1155 361 1222 sollemnia.
387 1194 426 1204 -
450 1155 513 1222 Illa
535 1157 631 1221 etiam
653 1177 727 1239 pars
750 1155 886 1222 faciendi
909 1155 1002 1220 liberi
1025 1158 1082 1235 est,
1114 1156 1141 1220 si
1165 1156 1236 1240 quis
1258 1193 1303 1206 -
1323 1157 1358 1220 in

188 1263 371 1327 testamenti
394 1264 474 1328 serie
497 1284 622 1328 servum
645 1283 737 1327 suum
760 1261 896 1327 liberum
919 1261 1090 1344 scripserit.
1129 1260 1236 1346 (288.)

275 1388 312 1432 ec
334 1368 394 1432 t2
416 1367 545 1448 adc3,
562 1372 612 1433 14.
647 1367 765 1432 Tribus
789 1405 828 1416 -·-
852 1367 954 1432 modis
976 1389 1056 1431 uxor
1085 1366 1273 1447 habebatur,
1296 1391 1356 1432 usu

184 1472 289 1538 farreo
312 1474 530 1557 coemptione;
557 1473 611 1539 sed
633 1473 844 1538 confarreatio
867 1473 942 1537 solis
965 1472 1167 1558 pontificibus
1190 1473 1356 1537 convenie-

184 1577 251 1642 bat.
298 1577 385 1655 Quae
407 1583 514 1644 autem
535 1579 570 1643 in
591 1601 722 1644 manum
745 1600 802 1662 per
816 1579 1046 1662 coemptionem
1061 1579 1282 1658 convenerant,
1301 1601 1356 1643 eae

185 1683 443 1750 matresfamilias
466 1685 676 1764 vocabantur,
708 1705 788 1769 quae
809 1705 883 1749 vero
906 1706 966 1748 usu
988 1681 1039 1748 vel
1061 1682 1174 1762 farreo,
1198 1683 1354 1750 minime⁸.

184 1786 351 1874 Coemptio
374 1811 449 1855 vero
471 1790 566 1855 certis
589 1789 858 1855 sollemnitatibus
880 1789 1103 1876 peragebatur,
1126 1793 1158 1854 et
1173 1811 1240 1854 sese
1254 1789 1288 1854 in
1305 1812 1357 1854 oo-

184 1895 315 1963 emendo
338 1897 472 1962 invicem
495 1896 755 1982 interrogabant,
786 1895 922 1960 virita:
955 1918 996 1960 an
1019 1894 1081 1958 sibi
1103 1894 1217 1960 mulier
1239 1899 1357 1960 mater-

184 1998 323 2064 familias
345 2023 413 2066 esse
434 2001 555 2066 vellet?
598 1999 659 2065 Illa
677 1999 888 2084 respondebat
903 1999 993 2065 velle.
1030 1998 1112 2064 Item
1127 1999 1241 2066 mulier
1254 2001 1355 2065 inter-

186 2106 341 2190 rogabat:
363 2129 404 2172 an
427 2107 476 2171 vir
499 2105 560 2170 sibi
582 2103 815 2189 paterfamilias
832 2127 898 2170 esse
912 2103 1034 2170 vellet?
1070 2103 1130 2170 Ille
1145 2105 1355 2189 respondebat

181 2422 344 2490 (lio-524)
372 2406 580 2476 Mediolaacacis
598 2421 672 2490 fait,
700 2422 803 2477 amima
818 2423 888 2492 rapis
909 2421 1068 2476 Dandarioi.
1104 2421 1141 2476 Ia
1166 2424 1353 2478 conmentario

180 2509 379 2578 permanebat
395 2509 433 2564 ud
452 2509 585 2567 Quaem
602 2512 691 2579 topica
708 2510 776 2580 (Oic.
794 2511 833 2566 ed.
844 2510 924 2565 Orati.
942 2511 1083 2580 V,1‚270.)
1102 2527 1170 2580 qaae
1187 2511 1225 2566 ad
1240 2513 1284 2566 iac
1291 2528 1352 2581 per-

180 2596 266 2650 tineat
288 2597 418 2668 pleraque
439 2613 472 2652 aa
489 2599 547 2666 epac
567 2597 691 2652 Oiccrom
707 2601 827 2669 sumpsit,
842 2616 934 2669 pauca
951 2615 984 2652 aa
1001 2604 1117 2652 vanam
1134 2598 1262 2652 IOtoram
1279 2599 1356 2654 tras

180 2682 285 2736 artasii.
323 2684 365 2752 Os.
389 2683 524 2753 Dirtsea,
549 2687 602 2739 iar.
621 2685 746 2756 Ausatpe
768 2687 799 2740 in
816 2685 841 2738 d.
866 2685 1182 2770 Werkcnd.1ioitbiaa.
1218 2686 1291 2742 Bari.
1310 2688 1353 2742 at.

180 2768 341 2825 Abb1851.

253 2858 278 2928 1)
297 2857 405 2913 Dositt.
424 2859 457 2914 dc
474 2877 584 2916 maraon
604 2865 651 2917 17:
675 2878 782 2933 magna
800 2865 897 2918 autem
914 2862 1048 2918 dissensio
1067 2865 1109 2918 est
1127 2893 1169 2918 —.
1188 2864 1284 2917 utrum
1302 2863 1353 2919 hoc

181 2946 306 3016 tempore
325 2947 398 3001 viras
416 2947 557 3019 accipiunt
576 2950 684 3016 omnia,
712 2951 743 3005 in
761 2969 815 3021 quo
836 2968 932 3006 sensns
953 2950 1089 3020 [agitur],
1116 2952 1168 3004 aut
1184 2950 1215 3006 in
1232 2967 1263 3006 co
1281 2953 1352 3006 tem·

180 3050 255 3102 porc,
273 3033 304 3088 in
322 3053 378 3104 qao
395 3036 517 3090 lustrum
535 3038 675 3094 conditur.
711 3037 783 3093 Sunt
800 3039 876 3094 enim
894 3038 943 3108 qui
961 3069 995 3078 -
1014 3037 1179 3092 existimant
1191 3069 1224 3078 -
1237 3054 1350 3094 censum

180 3120 344 3177 descendere
372 3123 407 3176 ad
435 3122 509 3178 diem
533 3125 628 3191 lustri,
656 3145 713 3182 non
731 3127 852 3182 lustrum
871 3126 1016 3181 decurrere
1044 3124 1080 3179 ad
1098 3124 1173 3179 diem
1193 3141 1297 3192 census,
1318 3157 1351 3166 -

68 3274 75 3292 ι
181 3207 316 3276 quoniam
334 3209 444 3275 omnia,
474 3212 572 3282 [quae]
591 3213 621 3267 in
639 3231 752 3268 censum
771 3215 908 3284 aguntur,
935 3214 1025 3268 lustro
1043 3212 1252 3268 confirmantur.
1274 3245 1302 3250 -
1324 3212 1351 3280 2)

183 3293 318 3350 Cornutus
334 3297 365 3350 in
376 3297 450 3353 Pera.
463 3301 538 3366 5‚88:
557 3299 690 3354 Vindicta
709 3300 791 3370 virga
810 3302 860 3365 est,
878 3317 935 3370 qua
953 3299 1172 3354 manumittendi
1192 3301 1349 3369 apraetcre

178 3381 209 3436 in
237 3384 330 3452 capite
356 3386 513 3454 pulsantur.
550 3386 623 3441 Acro
649 3389 679 3441 in
697 3387 766 3442 Hor.
791 3393 843 3443 sat.
866 3390 969 3456 2,7,76.·
997 3386 1143 3442 Vindicta:
1171 3387 1267 3456 virga,
1294 3403 1351 3456 qua

177 3470 411 3538 percutiebantur
431 3473 511 3538 servi,
530 3489 593 3528 cnm
611 3474 693 3531 liberi
711 3475 829 3541 fiebant;
848 3476 894 3530 vel
912 3476 1001 3545 virga,
1021 3493 1093 3546 quae
1106 3477 1172 3530 ante
1183 3474 1345 3545 imponeba-

165 3558 227 3611 ¹tur
253 3574 334 3628 super
358 3563 444 3630 caput
463 3579 572 3628 eorum,
599 3563 647 3632 qui
666 3564 949 3620 manumittebantur.
986 3563 1028 3632 Os.
1047 3563 1112 3618 aaa.
1131 3565 1225 3630 9,4,48.
1262 3561 1348 3616 ZGR.

177 3650 256 3712 2,150
273 3663 327 3717 sqq.
349 3679 379 3688 -
400 3650 427 3717 3)
448 3649 500 3705 Cic.
520 3656 573 3720 top.
588 3654 620 3704 3:
639 3651 732 3706 Genus
750 3653 792 3707 est
810 3670 886 3716 uxor,
905 3651 963 3706 eius
982 3652 1054 3706 duae
1073 3650 1193 3714 formae;
1212 3667 1269 3704 una
1287 3667 1348 3703 ma·

179 3733 391 3800 trumfamilias,
410 3753 459 3792 eae
478 3741 544 3792 sunt
562 3755 633 3808 quae
651 3739 681 3793 in
697 3729 812 3793 manum
825 3740 1027 3804 convenerunt3
1048 3739 1140 3794 altera
1152 3755 1256 3801 aarum,
1276 3755 1348 3807 quae

182 3823 382 3879 tantammodo
402 3843 499 3880 uxores
517 3826 666 3882 habentur.
703 3827 769 3882 aaz.
788 3831 862 3896 18,6:
892 3829 1013 3883 matrem
1031 3825 1154 3881 familias
1173 3825 1347 3897 appellatam

180 3925 237 3963 esse
257 3926 318 3964 earn
337 3911 433 3976 solam,
453 3931 524 3981 qnae
542 3915 572 3969 in
590 3914 687 3970 mariti
705 3933 791 3971 mann
810 3915 1004 3985 mancipioque
1023 3915 1122 3970 autin
1141 3914 1206 3978 eius,
1225 3914 1256 3968 in
1271 3913 1347 3968 cuius

181 3996 307 4061 maritus,
326 4013 413 4052 manu
430 4001 625 4072 mancipioque
643 4005 720 4068 esset,
739 4005 873 4073 quoniam
886 4003 983 4059 nonin
997 4002 1209 4058 matrimonium
1223 4004 1346 4064 tanturn,

181 4083 228 4138 sed
249 4084 280 4138 in
297 4086 436 4140 familiam
455 4106 563 4159 quoque
581 4092 678 4146 mariti
696 4093 772 4148 etin
790 4093 833 4146 sui
851 4092 960 4146 heredis
978 4092 1068 4148 locum
1081 4090 1210 4145 venisset.
1238 4089 1347 4145 Samus

176 4173 207 4225 ia
226 4173 292 4227 Aen.
311 4178 403 4241 Π,476
423 4182 565 4246 pascuae
588 4181 652 4235 baec
669 4182 808 4250 eaesnipsit
825 4181 917 4235 addit:
944 4178 994 4235 alii
1014 4209 1042 4221 -
1061 4177 1291 4233 matresfamilias
1313 4209 1344 4217 —-

174 4259 384 4332 illas(dicant),
403 4265 522 4332 quaein
546 4268 757 4324 matrimonium
775 4286 825 4339 per
837 4267 1039 4337 coimptionem
1052 4268 1248 4321 convenerunt.
1276 4265 1344 4320 Isia

175 4349 275 4415 9,7,13.·
292 4351 528 4419 matresfamilias,
548 4355 615 4424 quia
631 4356 689 4411 iam
705 4373 754 4427 par
772 4356 916 4426 quandam
934 4355 1001 4410 iuris
1016 4353 1235 4411 sollemnitatem
1253 4352 1283 4408 in
1301 4353 1344 4408 fa-

175 4434 284 4492 miliam
301 4439 397 4494 mariti
415 4441 597 4502 transierunt.
