3256 5154
628 333 730 391 Edicta
748 335 919 406 praetorum.
1301 334 1363 400 199

258 512 338 576 ·])1
359 511 632 596 inspiciendo
655 515 802 577 ventre
825 512 1188 599 custodiendoque
1218 509 1361 599 partu¹.
1381 543 1445 578 aa

192 617 225 684 Si
248 617 363 683 mulier
383 621 510 682 mortuo
531 617 648 682 marito
671 622 878 704 praegnatem
900 641 933 684 se
955 641 1021 684 esse
1043 619 1135 698 dicet,
1158 619 1209 684 his
1229 619 1268 683 ad
1284 639 1363 702 quos

192 746 228 788 ea
250 745 300 789 res
331 723 504 807 pertinebit
535 724 829 807 procuratoribcsve
852 746 961 789 eorum
983 724 1032 788 bis
1055 724 1090 788 in
1112 745 1218 788 mense
1241 724 1362 788 denun-

191 827 337 893 tiandum
357 831 456 904 curet,
491 832 527 891 ut
549 828 691 906 mittant,
724 828 752 892 si
774 829 883 909 velint,
917 851 998 914 quae
1020 832 1162 894 ventrem
1185 829 1362 913 inspicient.

193 931 367 1000 mittantur
387 937 493 998 autem
516 933 662 998 mulieres
685 932 804 998 liberae
826 935 994 998 dumtaxat
1016 935 1156 1019 quinque
1178 932 1302 1018 haeque
1320 933 1364 998 si-

192 1037 256 1100 mul
282 1058 391 1103 omnes
413 1037 601 1122 inspiciant,
633 1038 710 1102 dum
731 1061 771 1103 ne
794 1061 858 1123 qua
879 1061 989 1104 earum
1012 1039 1087 1103 dum
1111 1038 1241 1123 inspicit
1262 1037 1365 1102 111111

192 1141 324 1207 muliere
346 1147 489 1208 vantram
511 1144 635 1226 tangat.
659 1142 774 1207 mulier
796 1143 830 1206 in
853 1143 949 1208 domu
965 1142 1365 1210 honestissimaefeminae

192 1247 314 1330 pariat,
350 1269 445 1331 quam
468 1269 527 1332 ego
550 1248 752 1313 constituam.
789 1248 903 1314 mulier
926 1253 1001 1315 ante
1023 1249 1088 1315 dies
1110 1249 1246 1334 triginta
1268 1271 1365 1332 quam

193 1352 371 1434 parituram
394 1375 427 1417 se
449 1356 553 1437 putat,
577 1352 744 1418 denunciet
765 1353 816 1419 his
840 1355 879 1418 ad
903 1377 981 1439 quos
1002 1376 1103 1420 11111
1119 1353 1267 1438 pertinet,
1290 1375 1365 1438 pro-

192 1456 430 1521 curatoribusve
453 1479 571 1537 eorum,
604 1459 641 1521 ut
664 1459 804 1538 mittant,
828 1459 856 1522 si
879 1459 987 1540 velint,
1012 1459 1069 1544 qui
1090 1461 1235 1525 ventrem
1257 1461 1362 1522 custo-

193 1561 292 1624 diant.
327 1561 361 1624 in
385 1583 447 1646 quo
470 1563 611 1627 11111111
633 1562 747 1628 mulier
769 1563 914 1647 paritura
929 1564 1000 1644 erit,
1022 1563 1124 1629 ibina
1139 1563 1245 1647 plures
1261 1563 1364 1629 aditus

192 1666 258 1730 sint
282 1688 378 1750 quam
405 1688 501 1731 unus:
523 1667 551 1732 si
566 1671 669 1749 erunt,
693 1691 731 1733 ex
746 1672 882 1752 utraque
897 1673 988 1753 parte
1004 1670 1122 1735 tabulis
1137 1668 1364 1754 praefigantur.

192 1775 268 1836 ante
290 1771 408 1836 ostium
430 1773 497 1838 eius
520 1773 676 1839 conclavis
699 1774 791 1839 liberi
813 1779 878 1839 tres
901 1778 933 1840 et
955 1779 1020 1840 tres
1041 1775 1160 1839 liberae
1182 1796 1254 1839 cum
1280 1774 1364 1839 binis

191 1876 361 1942 comitibus
384 1879 573 1944 custodiant.
610 1879 891 1964 quotienscumque
913 1902 950 1944 ea
971 1879 1086 1945 mulier
1108 1881 1142 1944 in
1164 1879 1198 1944 id
1216 1879 1365 1945 11111111

192 1982 318 2048 aliudve
341 1984 426 2067 quod
449 1985 515 2050 sive
536 1986 570 2049 in
591 1985 753 2050 balineum
775 1985 846 2064 ibit,
870 1985 1025 2064 custodes,
1048 1986 1075 2049 si
1098 1983 1215 2064 volent,
1239 1984 1272 2050 id
1291 1989 1365 2050 ante

189 2088 387 2172 prospiciant
410 2093 441 2154 et
464 2111 516 2154 eos
539 2091 594 2175 qui
616 2089 798 2155 introierint
820 2091 991 2155 excutiant.
1025 2089 1181 2169 custodes,
1211 2089 1267 2173 qui
1290 2095 1365 2156 ante

192 2192 342 2259 conclave
362 2194 458 2278 positi
481 2198 585 2275 erunt,
609 2195 636 2260 si
652 2195 767 2275 volent,
791 2216 909 2275 omnes,
932 2195 989 2280 qui
1002 2193 1149 2260 11111111
1165 2197 1221 2258 111
1236 2194 1364 2260 domum

191 2296 391 2379 introierint,
424 2302 595 2366 excutiant.
634 2301 761 2382 mulier,
794 2322 866 2365 cum
897 2301 1056 2385 parturire
1078 2299 1220 2384 incipiat,
1250 2300 1301 2364 his
1324 2301 1365 2365 ad

192 2427 271 2490 quos
295 2429 332 2472 ea
355 2427 403 2472 111
426 2408 564 2492 pertinet
586 2408 883 2492 procuratoribusve
910 2431 1019 2474 eorum
1038 2403 1214 2484 denuntiet,
1236 2409 1273 2468 ut
1288 2406 1364 2470 mit-

193 2514 273 2591 tant,
290 2511 405 2596 quibus
417 2514 637 2596 praesentibus
652 2513 765 2596 pariat.
789 2513 962 2577 mittantur
976 2510 1123 2576 mulieres
1139 2508 1257 2573 liberae
1273 2509 1364 2574 dum-

192 2618 283 2680 taxat
315 2617 472 2702 quinque,
504 2618 551 2682 ita
572 2622 609 2683 ut
642 2621 768 2702 praeter
790 2617 974 2683 obstetrices
998 2617 1076 2681 duas
1107 2612 1366 2679 111111111111

193 2742 232 2784 ne
264 2720 371 2805 plures
401 2721 549 2788 mulieres
582 2722 702 2787 liberae
732 2722 797 2787 sint
828 2745 923 2808 quam
945 2722 1069 2800 decem,
1104 2718 1237 2784 ancillae
1269 2741 1365 2803 quam

193 2847 256 2889 sex.
297 2825 374 2906 hae,
408 2851 489 2913 quae
516 2827 603 2892 intus
625 2827 754 2892 futurae
776 2831 885 2908 erunt,
916 2828 1118 2892 excutiantur
1140 2845 1248 2889 111111
1271 2823 1306 2887 11
1328 2845 1365 2888 11

194 2930 345 3010 conclavi,
368 2955 492 3018 nequa
515 2956 672 3020 praegnas
695 2934 746 3000 sit.
779 2935 843 2999 tria
864 2932 996 3013 lumina,
1019 2955 1059 2997 ne
1081 2932 1195 3008 minus,
1219 2929 1266 2994 ibi
1288 2929 1362 2993 sint.

195 3035 278 3119 quod
301 3041 412 3102 natum
434 3040 504 3120 erit,
539 3040 589 3104 his
612 3040 653 3105 ad
676 3062 755 3125 quos
778 3063 815 3106 ea
837 3062 886 3105 res
906 3039 1045 3124 pertinet
1066 3035 1364 3121 procuratoribusve

194 3161 313 3220 eorum,
337 3141 363 3204 si
385 3142 538 3228 inspicere
554 3146 672 3226 volent,
696 3146 890 3210 ostendatur.
914 3144 997 3229 apud
1013 3165 1085 3209 eum
1100 3141 1256 3220 educetur,
1280 3139 1364 3224 apud

194 3267 288 3329 quem
318 3268 431 3330 parens
459 3249 596 3315 iusserit.
635 3251 662 3316 si
691 3255 797 3315 autem
828 3250 910 3314 nihil
943 3270 1056 3333 parens
1086 3245 1214 3312 iusserit
1247 3244 1352 3308 autis

193 3351 277 3434 apud
309 3373 403 3435 quem
426 3353 563 3420 volucrit
585 3356 730 3434 educari,
761 3376 869 3419 curam
892 3375 957 3417 non
979 3353 1127 3436 recipiet,
1163 3348 1246 3434 apud
1270 3371 1364 3433 quem

195 3455 355 3536 educetur,
388 3479 483 3523 causa
505 3460 635 3546 cognita
656 3460 858 3525 constituam.
896 3459 923 3523 is
954 3458 1038 3542 apud
1062 3478 1155 3540 quem
1178 3453 1365 3520 educabitur

195 3560 279 3644 quod
302 3564 414 3628 natum
436 3563 506 3644 erit,
530 3565 633 3650 quoad
656 3565 755 3630 trium
770 3586 914 3629 mensum
937 3562 979 3628 sit
1002 3562 1104 3626 bisin
1128 3582 1244 3638 mense,
1268 3581 1305 3622 ex
1328 3580 1364 3622 eo

195 3668 337 3750 tempore
372 3668 475 3752 quoad
498 3691 551 3734 sex
574 3691 718 3734 mensum
741 3669 793 3750 sit,
818 3669 914 3734 semel
935 3667 969 3731 in
990 3687 1106 3745 111111,
1130 3688 1149 3730 1
1171 3687 1225 3730 sex
1248 3663 1364 3728 mensi-

195 3771 254 3835 bus
279 3772 383 3856 quoad
406 3773 570 3838 anniculus
593 3774 660 3856 fiat,
684 3774 816 3839 alternis
844 3772 1016 3853 mensibus
1040 3772 1080 3836 ab
1097 3770 1243 3835 anniculo
1261 3768 1365 3854 quoad

195 3876 257 3941 fari
280 3878 391 3961 possit,
423 3879 518 3945 semel
540 3880 575 3943 in
595 3903 651 3944 sex
676 3880 846 3958 mensibus,
879 3878 935 3942 ubi
957 3876 1052 3957 volet,
1076 3874 1230 3941 ostendat.
1265 3872 1366 3938 sicui

193 3985 336 4047 ventrem
361 3983 475 4067 inspici
505 3985 695 4050 custodirive
718 3985 824 4049 adesse
847 3983 954 4067 partui
976 3982 1099 4046 licitum
1120 4002 1184 4045 non
1214 3976 1365 4043 1111111-

193 4089 302 4153 tumve
324 4088 401 4172 quid
425 4090 495 4170 erit,
519 4091 686 4175 quominus
709 4113 746 4154 ea
761 4090 808 4153 ita
822 4088 913 4167 fiant,
929 4088 978 4152 uti
993 4108 1088 4171 supra
1103 4083 1365 4167 comprehensum

194 4196 258 4258 est:
282 4194 321 4275 ei,
345 4195 429 4279 quod
452 4200 563 4260 natum
579 4195 650 4276 erit,
672 4195 902 4280 possessionem
924 4214 1018 4257 causa
1040 4190 1170 4276 cognita
1191 4212 1255 4254 nou
1272 4191 1363 4257 dabo.

192 4353 402 4362 ...—--—--·-——

266 4421 292 4490 1)
311 4419 397 4476 nm.
415 4417 539 4486 11111.
