3256 5154
576 331 797 390 constitutiones
815 332 1025 400 imperatorum.
1302 335 1365 398 225

189 510 223 572 in
245 507 490 593 possessioneml
513 511 580 574 eius
602 509 701 574 fuisse
723 510 846 574 dicatur
870 511 962 573 etita
982 509 1184 594 permixltum
1205 509 1365 574 oumTri·

189 614 337 694 dentinis,
361 618 398 679 ut
421 615 526 679 diduoi
549 615 588 678 ab
611 616 638 678 is
661 616 729 678 siue
746 615 838 699 gravi
853 613 1028 698 splendidt²
1047 615 1200 698 municipi
1223 613 1227 700 Ι
1247 615 1366 678 iniuria

190 741 254 784 non
276 720 387 804 possit,
410 721 516 804 patior
539 742 591 785 eos
614 721 647 784 in
669 743 704 784 eo
721 721 798 800 iure,
822 721 856 784 in
873 743 935 804 quo
952 743 1018 784 esse
1034 742 1067 784 se
1083 718 1418 804 existimallveruntsso.

190 847 374 908 permanere
396 825 543 890 benifioio
566 848 646 904 meo,
678 849 714 890 eo
739 826 865 909 quidem
889 825 1052 903 libentius,
1077 825 1160 908 quod
1181 823 1185 911 Ι
1206 825 1364 909 plerique³

190 953 228 995 ex
251 953 287 996 eo
310 953 425 1017 genere
447 931 614 996 hominum
637 932 734 996 etiam
756 931 895 995 militare
916 932 949 994 in
966 931 1125 1014 praetorio
1146 927 1151 1014 Ι
1171 953 1241 994 meo
1257 931 1366 995 dieun-

189 1040 252 1116 tur,
285 1037 414 1120 quidam
437 1059 512 1102 vero
535 1037 660 1100 ordines
685 1057 810 1118 quoque
832 1035 968 1114 duxisse,
989 1035 994 1120 Ι
1015 1033 1160 1098 nonnulli
1184 1034 1308 1098 allecti4
1332 1036 1366 1098 in

190 1142 331 1206 decurias
354 1140 475 1207 Romae
498 1164 547 1206 res
571 1141 720 1205 iudicare.
744 1158 790 1204 ‹x›
809 1141 813 1222 Ι

278 1245 337 1331 (3.)
361 1246 451 1322 Quod
467 1246 649 1311 benificium
664 1247 692 1309 is
707 1247 754 1309 ita
769 1245 887 1324 tribuo,
914 1249 948 1309 ut
965 1266 1182 1329 quaecumque
1197 1245 1364 1330 tanquamll

190 1352 273 1416 oives
296 1351 433 1416 Romani
456 1356 624 1437 gesserunt
646 1354 853 1436 egeruntque,
877 1354 933 1414 aut
955 1352 1039 1414 inter
1056 1371 1089 1414 se
1105 1354 1161 1413 aut
1175 1343 1247 1413 cum
1268 1352 1273 1432 Ι
1292 1349 1365 1413 Tri·
1375 1358 1417 1411 35.

191 1457 327 1521 dentinis
350 1457 457 1536 alisve,
481 1457 570 1521 rata⁶
586 1479 653 1522 esse
668 1456 820 1535 iubeamss,
844 1457 1036 1541 nominaque
1057 1479 1102 1537 ea,
1123 1454 1128 1543 Ι
1149 1478 1230 1538 quae
1244 1454 1365 1519 habue-

191 1567 266 1627 runt
290 1567 384 1628 antea
405 1566 560 1648 tanquam
583 1563 666 1626 cives
689 1560 836 1642 Romani,
866 1562 912 1625 ita
936 1562 1054 1626 habere
1076 1562 1103 1625 is
1126 1561 1320 1644 permittam.

234 1738 264 1802 3.
297 1735 501 1822 Epistula
524 1737 786 1821 Vespasiani
809 1738 855 1800 ad
878 1735 1124 1800 Vanacinos
1147 1759 1173 1800 c.
1198 1759 1226 1800 a.
1251 1736 1319 1801 72⁷.

321 1876 401 1963 Imp.
427 1877 541 1944 Caesar
556 1878 770 1960 Vespasianus
792 1877 959 1962 Augustus
980 1875 985 1961 Ι
1005 1876 1248 1961 magistratibus
1272 1881 1304 1941 et
1318 1900 1364 1941 se-

195 1982 359 2047 natoribus
380 1982 385 2070 Ι
405 1984 643 2050 Vanacinorum
666 1982 802 2046 salutem
825 1981 910 2045 dicit.
932 1983 937 2063 Ι

279 2085 451 2152 Otacilium
473 2088 650 2174 Sagittam,
684 2087 821 2151 amicum
844 2090 876 2150 et
898 2091 1145 2171 procnfiratorem
1167 2109 1288 2164 meum,
1320 2088 1366 2150 ita
1375 2102 1398 2155 5.

195 2193 282 2258 vobis
305 2195 489 2278 praefuisse,
511 2194 515 2280 Ι
536 2199 571 2259 ut
587 2193 805 2259 testimonium
821 2201 961 2256 vestrum
976 2195 1159 2269 mereretur,
1180 2188 1185 2276 Ι
1205 2190 1363 2275 delectori

279 2298 328 2364 De
344 2301 558 2365 controversia
579 2299 703 2377 finium,
727 2321 819 2381 quam
838 2296 972 2382 halbetis
995 2319 1067 2360 oum
1082 2296 1264 2376 Marianis⁸,
1288 2319 1366 2380 pen·

194 2401 280 2466 denti
303 2426 341 2468 ex
357 2414 369 2480 Ι)
385 2405 412 2469 is
436 2407 533 2490 agris,
557 2427 635 2488 quos
659 2405 898 2487 aproouratore
913 2423 983 2465 meo
1004 2400 1007 2486 Ι
1028 2401 1166 2466 Publilio
1181 2403 1366 2467 Memoriale
1377 2410 1418 2462 10.

193 2507 331 2589 emistis,
363 2513 400 2574 ut
420 2508 423 2594 Ι
443 2510 550 2576 finiret
572 2509 721 2574 Claudius
745 2507 888 2573 Clemens
912 2511 1108 2592 proeulrator
1132 2530 1229 2589 meus,
1254 2509 1365 2592 scripsi

193 2611 223 2675 ei
246 2617 277 2677 et
299 2638 476 2681 mensorem
495 2615 500 2704 Ι
520 2617 602 2681 misi.
620 2624 632 2692 ΙΙ

280 2717 437 2786 Beneficia
466 2723 589 2786 tributa
619 2721 709 2785 vobis
738 2721 778 2784 ab
811 2720 882 2784 divo
903 2717 907 2803 Ι
928 2718 1076 2803 Augusto
1099 2723 1172 2802 post
1195 2721 1365 2803 septimum
1377 2735 1417 2789 15.

192 2822 411 2912 consulaltum,
436 2828 573 2912 quaein
596 2831 740 2910 tempora
763 2825 883 2890 Galbae
906 2822 1101 2908 retilnuistis,
1125 2825 1287 2889 confirmo
1308 2823 1313 2910 Ι

278 2927 425 3014 Egerunt
446 2931 546 3017 legati
570 2945 580 3006 11
604 2931 735 2996 basemo
758 2929 895 2994 Leuoani
917 2928 939 2992 f.
964 2928 1136 3011 sacerd(os)
1163 2928 1344 3014 Auglustib
1358 2929 1362 3014 Ι
1375 2944 1416 2999 20.

192 3029 303 3098 Eunus
334 3035 461 3101 Tomasi
490 3037 511 3101 f.
546 3037 717 3119 sacerd(os)
748 3033 916 3121 Auqusti)
946 3035 950 3115 Ι
979 3034 1012 3100 (l.
1047 3036 1200 3100 Arruntio
1232 3036 1365 3101 Catellio

193 3133 308 3220 Celere,
333 3140 377 3206 M.
398 3143 403 3223 Ι
424 3141 580 3206 Arruntio
604 3142 723 3227 Aquila
745 3161 807 3207 eos.
833 3139 908 3205 IIII.
931 3140 1001 3204 idus
1026 3138 1155 3205 Octobr.

252 3315 282 3378 4.
322 3315 524 3400 Epistula
546 3317 806 3402 Vespasiani
830 3317 878 3381 ad
900 3315 1161 3382 Saborenses
1185 3340 1211 3380 a.
1237 3317 1304 3380 78⁹.

279 3455 360 3540 Imp.
374 3457 686 3554 *Cae-..Vespasianus
704 3460 788 3544 Aug.
806 3457 1142 3554 ponltife-nmaximus,
1159 3457 1360 3540 tribuniciael

193 3562 360 3641 potestatis
382 3562 521 3661 Vim—‚-
531 3563 606 3648 imp.
630 3563 739 3643 XIIX,
771 3563 880 3627 consul
900 3564 904 3647 Ι
924 3562 1023 3642 VIII,
1052 3560 1170 3648 p(ater)
1201 3562 1363 3647 p(atriae),

193 3665 327 3730 salutem
350 3668 427 3732 dicit
450 3668 592 3734 IHIriris
615 3674 646 3734 et
663 3679 674 3742 Ι
692 3669 912 3733 decurionibus
936 3668 1169 3734 Saborensium.
1392 3689 1415 3736 5.

282 3896 307 3964 1)
326 3895 533 3951 Aac'madeertos
551 3895 751 3966 possessionem
773 3895 912 3958 civitatis,
937 3901 968 3948 ut
985 3895 1063 3960 iufra
1080 3912 1106 3949 a.
1129 3898 1145 3948 9
1164 3893 1363 3963 possessionem

193 3980 343 4051 privilegii.
371 4014 405 4023 —
425 3985 451 4052 2)
471 3984 589 4053 splendi.
611 4015 641 4022 -
663 3985 689 4050 3)
710 3984 859 4052 plerisque.
873 4013 908 4022 -
926 3983 954 4051 4)
974 3984 1089 4040 collecti.
1110 4014 1145 4022 —
1164 3986 1191 4050 5)
1210 3984 1310 4037 ratam.
1332 4011 1363 4020 -

192 4070 220 4134 6)
238 4068 342 4124 iubeat.
360 4101 396 4110 -
414 4074 441 4142 7)
462 4072 490 4127 0.
510 4073 533 4126 1.
553 4073 588 4126 L.
608 4075 703 4139 10,840
721 4089 747 4126 a.
767 4075 856 4138 803&-
875 4071 918 4124 Or.
939 4074 1018 4126 4031,
1055 4071 1085 4123 Ε
1102 4072 1203 4124 lemica
1220 4086 1305 4135 aerea,
1324 4085 1363 4122 re·

188 4162 268 4224 portu
284 4159 315 4211 e'a
332 4160 389 4213 otoo
402 4160 516 4228 quodam
531 4159 659 4215 Corsicae.
680 4190 710 4198 -
734 4161 761 4228 8)
782 4162 936 4211 Οὐανακῖνοι
956 4159 1042 4227 (opud
1054 4159 1245 4221 Ptolemaeum)
1265 4163 1289 4209 et
1302 4156 1364 4208 Ma-

190 4246 265 4300 riani
278 4248 376 4315 populi
402 4254 478 4302 eram
504 4250 534 4302 ia
548 4255 626 4317 parte
643 4248 846 4316 septentrionali
864 4246 986 4300 Omsieue
1004 4247 1115 4300 euectae.
1141 4275 1172 4282 -
1192 4246 1217 4309 9)
1238 4244 1307 4297 cl.
1330 4243 1363 4297 L.

191 4336 270 4401 2,195
287 4351 313 4388 a.
332 4338 408 4389 1423.
444 4335 475 4388 Ε
490 4336 593 4390 braiao
610 4335 718 4402 alenae,
737 4337 767 4388 ia
785 4335 883 4403 oppido
903 4335 1000 4388 Cartete
1020 4335 1105 4400 (latro
1118 4332 1258 4399 Molapom
1276 4338 1301 4384 et
1319 4331 1363 4384 Se-

191 4422 295 4490 ecllem)
314 4439 380 4478 suec.
402 4422 481 4477 XVI
492 4430 604 4491 reperto,
623 4441 690 4492 qaue
707 4440 780 4478 auae
797 4424 845 4476 abi
860 4425 896 4476 set
914 4425 1062 4492 gneratum

227 4536 322 4596 Burrus,
340 4536 429 4584 Fontes
447 4536 514 4582 turis.
541 4537 584 4583 Ed.
604 4536 634 4584 V.
1123 4524 1155 4577 15
1255 4545 1257 4549 ·
