3190 5148
262 344 327 411 394
630 359 635 368 ·
767 337 910 395 lemnius.

261 541 319 604 per
341 519 493 604 populum
516 515 641 601 legibus
664 515 847 581 solveretur.
886 512 976 590 Quod
1004 514 1136 599 antiquo
1163 515 1357 600 quoqueiure
1373 520 1441 580 erat

263 627 410 701 cautum3
425 624 533 708 itaque
548 622 581 686 in
598 623 744 688 omnibus
756 626 884 688 senatus
895 623 1057 702 consultis,
1075 622 1189 705 quibus
1205 622 1344 707 aliquem
1359 622 1440 707 legi·

261 730 321 795 bus
345 729 426 794 solvi
454 728 612 813 placebat,
634 729 715 794 adici
737 726 822 793 erat¹
845 727 984 806 solitum,
1008 731 1045 792 ut
1067 729 1105 794 de
1127 751 1164 794 ea
1178 751 1213 794 re
1231 728 1271 794 ad
1286 729 1440 813 populum

136 846 141 853 '
205 879 208 888 -
262 835 419 913 ferretur;
458 832 511 898 sed
536 833 693 916 paulatim
721 832 798 897 ferri
820 835 889 898 erat
911 832 1064 913 desitum,
1096 855 1208 919 rosque
1229 834 1295 898 iam
1316 834 1350 898 in
1373 855 1443 898 eam

162 1019 165 1022 Ι
263 937 521 1004 consuetudinem
551 941 697 1018 venerat,
730 941 767 1001 ut
789 939 949 1020 postremo
978 958 1018 1001 ne
1047 936 1223 1003 adiceretur
1254 939 1382 1023 quidem
1404 940 1438 1003 in

263 1048 392 1110 senatus
415 1042 567 1108 consultis
590 1043 628 1109 de
650 1042 816 1129 rogatione
838 1042 876 1106 ad
900 1041 1053 1126 populum
1077 1043 1221 1123 ferenda,
1245 1066 1344 1128 eaque
1367 1044 1438 1128 ipsa

264 1149 559 1216 senatusconsulta
582 1171 638 1233 per
660 1148 810 1234 pauculos
840 1148 1010 1212 admodum
1039 1147 1168 1213 fiebant.
1212 1147 1348 1234 Indigne
1370 1171 1440 1213 cam

263 1254 390 1320 Corneli
420 1255 618 1340 rogationem
653 1253 794 1318 tulerant
828 1252 1042 1336 potentissimi
1075 1253 1192 1338 quique
1227 1276 1265 1318 cx
1297 1251 1437 1328 senatu’,

265 1382 400 1444 quorum
415 1361 521 1445 gratia
536 1381 729 1444 magnopere
750 1358 969 1436 minuebatur3
993 1358 1102 1442 itaque
1125 1358 1161 1423 Ρ.
1184 1357 1337 1424 Servilius
1361 1357 1439 1424 Glo-

265 1463 359 1530 bulus
382 1465 457 1530 trib.
480 1465 563 1549 pleb.
586 1465 733 1531 inventus
757 1467 835 1544 erat,
860 1462 914 1548 qui
938 1462 988 1528 O.³
1005 1461 1150 1529 Cornelio
1174 1465 1350 1530 obsisteret.
1395 1463 1438 1545 ls,

262 1570 317 1634 ubi
345 1569 426 1655 legis
451 1570 602 1636 ferundae
624 1571 689 1637 dies
712 1571 799 1636 venit
827 1576 860 1636 et
882 1591 995 1654 praeco
1018 1569 1193 1635 subiciente
1214 1569 1318 1634 scriba
1340 1569 1438 1634 verba

264 1675 345 1759 legis
369 1675 502 1740 recitare
524 1675 642 1759 populo
665 1675 785 1758 coepit,
819 1679 851 1740 et
873 1675 1010 1740 scribam
1031 1675 1173 1742 subicere
1195 1678 1228 1740 st
1251 1697 1438 1759 praeconem

265 1780 473 1864 pronuntiare
494 1800 604 1864 passus
627 1801 691 1843 non
714 1782 770 1846 est.
817 1778 898 1845 Tum
915 1780 1079 1846 Cornelius
1101 1781 1170 1866 ipse
1191 1780 1329 1846 codicem
1357 1781 1436 1846 reci-

266 1885 356 1949 tavit.
391 1883 482 1960 Quod
502 1905 574 1947 cum
589 1883 732 1970 improbe
753 1884 823 1950 fieri
839 1884 889 1950 0.³
907 1885 981 1950 Piso
1004 1885 1114 1951 consul
1134 1885 1336 1951 vehementer
1359 1908 1436 1970 que-

262 1995 384 2057 reretur
408 1988 582 2078 [tollique]
607 1991 810 2056 tribuniciam
832 1992 1088 2058 intercessionem
1103 1992 1230 2072 diceret,
1253 1991 1346 2077 gravi
1361 2013 1435 2056 con-

262 2097 343 2162 vicio
366 2096 518 2181 apopulo
540 2100 689 2180 exceptus
712 2100 770 2176 est,
795 2135 835 2142 -
859 2097 1042 2182 lapidesque
1064 2098 1161 2162 etiam
1177 2119 1216 2162 ex
1230 2096 1345 2162 ultima
1359 2119 1435 2162 con·

261 2203 347 2267 tione
366 2204 400 2266 in
416 2203 575 2268 consulem
597 2203 683 2283 iacti,
707 2225 770 2286 quo
788 2203 929 2267 tumultu
943 2202 1107 2268 Cornelius
1129 2201 1334 2286 perturbatus
1357 2223 1432 2267 con-

260 2306 369 2371 cilium
401 2307 603 2373 dimisit...
634 2308 751 2373 Actum
782 2307 894 2372 deinde
925 2307 1032 2373 eadem
1062 2308 1100 2373 de
1123 2330 1156 2372 re
1178 2307 1212 2371 in
1234 2311 1346 2372 senatu
1371 2308 1432 2390 [est

262 2411 401 2497 magnis]
425 2412 691 2478 contentionibus.
737 2411 819 2476 Tum
842 2410 1005 2478 Cornelius
1027 2413 1074 2478 ita
1100 2411 1182 2478 ferre
1207 2413 1341 2496 [rursus]
1365 2435 1432 2477 coe

258 2516 316 2599 pit,
339 2538 379 2582 ne
403 2518 473 2602 quis
496 2518 531 2582 in
555 2522 667 2583 senatu
689 2518 812 2602 legibus
835 2517 1027 2597 solveretur,
1057 2517 1119 2584 uisi
1142 2515 1204 2604 [00
1226 2538 1292 2584 non
1314 2514 1430 2603 minusl

260 2619 447 2702 adfuissent,
474 2645 552 2688 neve
575 2622 655 2707 quis,
679 2645 748 2688 cum
774 2621 858 2706 [quis
880 2622 927 2686 ita
942 2622 1077 2706 solutus]
1101 2627 1192 2703 esset,
1214 2622 1429 2702 intercederet,

258 2747 330 2790 cum
353 2727 390 2792 de
406 2749 442 2792 ea
457 2749 490 2792 re
514 2728 568 2811 [ad
583 2729 750 2812 populum]
767 2727 895 2792 feretur.
930 2725 1018 2792 Haec
1031 2727 1099 2792 sine
1114 2728 1254 2793 tumultu
1274 2749 1323 2792 res
1348 2726 1430 2811 [acta

260 2832 333 2914 est].
372 2831 475 2897 Nemo
501 2834 585 2899 enim
608 2855 725 2919 negare
746 2836 872 2917 poterat
894 2854 951 2916 pro
973 2831 1129 2914 [senatus]
1153 2832 1342 2898 auctoritate
1365 2853 1429 2896 esse

261 2959 330 3001 eam
353 2937 466 3019 legem.
505 2937 610 3019 (56=
631 2941 698 3022 50.)

348 3041 483 3126 Ali[am]
507 3043 617 3110 deinde
639 3044 742 3130 legem
758 3043 930 3124 Cornelius,
954 3044 1013 3108 etsi
1034 3066 1126 3110 nemo
1142 3066 1320 3130 repugnare
1335 3067 1428 3110 ausus

263 3151 320 3225 est,
344 3147 454 3212 multis
476 3151 584 3213 tamen
606 3150 715 3214 invitis
738 3149 829 3214 tulit:
853 3153 889 3212 ut
912 3152 1073 3232 praetores
1096 3171 1135 3214 ex
1150 3149 1260 3214 edictis
1276 3150 1341 3216 suis
1356 3172 1428 3234 pcr-

262 3252 365 3336 petuis
387 3252 436 3316 ius
452 3252 624 3333 dicerent⁶;
649 3277 729 3339 quae
744 3277 793 3319 res
808 3254 970 3319 cunctam⁶
986 3255 1125 3338 gratiam
1141 3255 1316 3320 ambitiosis
1332 3278 1423 3338 prae-

261 3357 394 3436 toribus,
420 3358 475 3441 qui
497 3359 583 3424 varie
605 3359 654 3424 ius
679 3360 779 3424 dicere
803 3362 1015 3438 assueverant,
1039 3359 1178 3424 sustulit.
1224 3365 1282 3444 (58
1295 3391 1325 3412 =
1343 3363 1414 3443 52.)

348 3461 543 3546 Frequenter
574 3469 644 3529 tum
673 3465 770 3528 etiam
801 3468 908 3530 coctus
938 3463 1145 3530 factiosorum
1173 3463 1339 3530 hominum
1361 3466 1428 3531 sine

331 3723 356 3791 1)
372 3723 512 3777 adiecerat
533 3723 602 3777 labri.
620 3752 656 3762 ·-
674 3723 702 3792 2)
723 3739 821 3778 exso.
835 3723 904 3778 labri.
922 3753 957 3762 -
973 3723 1002 3794 3)
1019 3724 1039 3780 l.
1057 3724 1128 3778 lua.
1148 3755 1177 3766 -
1197 3726 1225 3794 4)
1243 3725 1361 3796 tollique
1379 3744 1427 3784 om.

262 3810 331 3864 libii.
352 3841 384 3849 -
411 3810 438 3880 5)
459 3810 685 3880 of.1)e·036,23:
712 3810 751 3881 (Ὁ
769 3810 926 3879 Κορνήλιος)
945 3814 1047 3865 ἐκεῖνον
1065 3829 1094 3864 τε
1112 3813 1211 3882 (νόμον)
1229 3819 1428 3884 διενομοθέτησε
1508 3812 1512 3816 ’

259 3902 306 3949 καί
325 3901 414 3964 ἕτερον
432 3902 541 3952 τοιόνδε.
559 3903 585 3950 οί
602 3902 745 3966 στρατηγοί
763 3897 927 3968 (praetores)
947 3901 1042 3963 πάντες
1052 3901 1085 3950 τὰ
1095 3903 1188 3952 δίκαια
1205 3900 1270 3953 καθ’
1283 3904 1301 3953 ἃ
1313 3906 1429 3956 δικάσειν

259 3975 371 4051 {pellor
397 3990 495 4051 αὐτοῖς,
521 3990 714 4056 συγγράφοντες
737 3988 887 4052 ἐξετίθεσαν
912 3985 1093 4055 (edixerunt)'
1117 3991 1147 4040 οὐ
1165 3992 1218 4056 γάρ
1236 4005 1276 4041 πω
1294 3993 1379 4042 πάντα
1396 3994 1428 4042 τὰ

261 4076 431 4142 δικαιώματα,
451 4075 468 4125 u
481 4078 539 4140 περί
552 4078 585 4127 τὰ
597 4077 741 4142 συμβόλαια
754 4078 912 4138 διετέτακτο,
924 4079 1042 4128 ἐποίουν·
1061 4078 1119 4129 οὔτε
1129 4079 1230 4142 ἐσάπαξ
1239 4081 1307 4131 τοῦτ’
1316 4081 1427 4143 ἐποίουν,

257 4163 318 4213 οὔτε
343 4165 375 4213 τὰ
394 4166 529 4230 γραφέντα
553 4166 675 4230 ἐτήρουν·
703 4165 776 4215 ἀλλὰ
794 4162 926 4226 πολλάκις
944 4164 1010 4214 αὐτὰ
1027 4167 1205 4231 μετίγραφον,
1232 4169 1278 4217 καί
1297 4169 1383 4234 συχνὰ
1399 4171 1427 4220 ἐν

262 4250 344 4315 τσίιτῳ
363 4252 428 4314 πρὸς
446 4253 521 4316 χάριν
539 4252 556 4317 ἢ
575 4256 620 4303 καί
638 4253 698 4304 κατ’
717 4254 817 4318 ἔχθραν
836 4257 918 4314 τινῶν,
938 4253 1024 4317 ὥσπερ
1044 4255 1123 4316 εἰκὸς,
1143 4255 1254 4321 ἐγίνετο.
1278 4257 1427 4322 somnone

262 4333 397 4406 (rogavit)
422 4334 467 4390 οὖν
486 4337 546 4388 κατ’
564 4341 650 4405 ἀρχάς
672 4357 700 4390 τε
718 4341 799 4403 εὐθὺς
818 4341 912 4402 αὐτοὺς
929 4341 961 4392 τὰ
979 4341 1082 4403 δίκαια,
1112 4337 1151 4403 οἷς
1168 4343 1315 4407 χρήσονται,
1335 4345 1428 4407 προλέ-

260 4440 324 4496 γειν,
348 4428 394 4480 καί
412 4427 492 4492 μηδὲν
510 4427 556 4476 ἀπ’
574 4428 658 4480 αὐτῶν
676 4431 857 4493 παρατρέπειν.
878 4456 909 4464 -
929 4429 956 4494 6)
972 4426 1011 4480 stc
1028 4426 1132 4496 Baiter,
1151 4445 1215 4482 eum
1227 4429 1278 4482 aut
1296 4428 1366 4484 labri.
