3190 5148
654 357 914 415 Pseudo-Asconius.
1306 363 1368 428 397

283 540 301 624 ἓ
337 541 388 605 50.
437 539 582 605 Maenius
616 561 687 604 oum
721 525 850 603 domum
884 560 974 602 suam
1009 537 1158 602 venderet
1191 535 1305 603 (latoni
1335 543 1370 604 et

199 645 312 710 Flacco
344 647 540 725 censoribus,
573 648 610 709 ut
642 645 687 708 ibi
709 643 841 709 basilica
872 642 1100 721 aedificaretur,
1134 647 1299 726 exceperat
1320 645 1369 708 ius

197 752 260 816 sibi
291 751 385 815 unius
416 750 598 829 columnae,
631 772 725 834 super
755 772 852 834 quam
874 753 992 813 tectum
1014 749 1169 832 proiceret
1192 771 1230 812 ex
1253 771 1369 832 provo·

193 857 335 922 lantibus
366 857 537 936 tabulatis,
569 856 668 921 unde1
701 857 769 939 ipse
796 860 828 920 et
850 855 969 940 posteri
999 855 1065 918 eius
1088 857 1229 937 spectare
1252 877 1367 918 munus

195 961 408 1046 gladiatorum
432 965 571 1045 possent,
599 961 802 1045 quodetiam
826 963 894 1024 tum
917 960 951 1023 in
974 959 1044 1023 foro
1067 959 1212 1023 dabatur.
1258 957 1367 1043 (120.)

631 1153 924 1210 abmdmt

284 1274 302 1357 ἓ
325 1274 376 1338 26.
412 1273 820 1358 Comperendinatio
850 1278 898 1338 111
920 1275 960 1338 ab
982 1275 1126 1358 utrisque
1149 1274 1365 1359 litigatoribus

198 1381 333 1444 invicem
356 1381 418 1443 sibi
441 1380 639 1444 denuntiatio
662 1379 696 1442 in
718 1379 924 1462 perendinum
947 1379 1038 1444 diem.
1084 1377 1232 1463 Namque
1246 1402 1317 1443 cum
1332 1382 1365 1443 in

195 1508 263 1551 rem
297 1486 436 1570 aliquam
466 1489 598 1571 agerent
625 1485 804 1570 litigatores
836 1489 868 1550 et
889 1507 991 1569 poena
1013 1508 1046 1550 11
1068 1485 1256 1550 sacramenti
1278 1488 1366 1569 pete·

199 1594 281 1668 rent,
304 1590 475 1674 poscebant
497 1589 665 1670 iudicem2,
699 1590 754 1675 qui
781 1590 918 1655 dabatur
947 1594 1020 1675 post
1042 1591 1239 1676 trigesimum
1263 1590 1364 1654 diem:

194 1718 258 1780 quo
283 1694 357 1760 dato
380 1694 491 1760 deinde
512 1696 596 1760 inter
618 1718 652 1760 se
674 1695 951 1779 comperendinum
975 1696 1071 1775 diem,
1095 1700 1131 1760 ut
1153 1696 1193 1760 ad
1214 1696 1365 1760 iudicium

195 1801 350 1881 venirent,
375 1801 615 1866 denuntiabant.
650 1799 720 1877 Quo
743 1824 814 1866 cum
830 1805 911 1867 esset
925 1806 1063 1885 ventum,
1088 1805 1258 1887 antequam
1273 1824 1366 1867 causa

195 1910 354 1991 ageretur,
379 1907 470 1991 quasi
491 1929 549 1991 per
570 1907 705 1971 indicem
728 1929 795 1971 rem
818 1909 1032 1990 exponebant:
1057 1907 1140 1992 quod
1162 1908 1267 1992 ipsum
1283 1908 1365 1972 dice-

193 2011 290 2076 batur
312 2033 463 2076 causae
485 2033 528 2077 co
538 2011 579 2076 ni
589 2035 606 2077 e
616 2013 712 2092 ctio,
735 2013 825 2096 quasi
842 2035 954 2077 causae
969 2035 1044 2078 snae
1058 2013 1093 2077 in
1108 2014 1203 2078 breve
1218 2011 1365 2079 coactic³.

194 2117 298 2201 (164.)

281 2222 298 2305 ᾗ
323 2222 374 2287 52.
413 2221 629 2288 Scotorem
654 2258 692 2268 —
718 2222 795 2287 dicit
818 2223 1051 2288 aestimatorem
1074 2222 1365 2309 redemptoremque

197 2327 354 2392 bonorum
376 2329 519 2393 damnati
542 2330 638 2412 atque
659 2328 839 2413 proscripti,
871 2329 926 2413 qui
947 2349 1036 2412 spem
1057 2332 1180 2393 sectans
1203 2328 1283 2394 lucri
1305 2329 1364 2410 sui,

198 2432 230 2497 id
255 2437 304 2497 111
326 2437 451 2498 secutus
474 2455 561 2517 spem
584 2433 813 2498 aestimationis
836 2456 920 2513 suae,
944 2433 1029 2498 bona
1044 2434 1150 2500 omnia
1172 2455 1206 2499 re
1221 2433 1365 2499 auctione

197 2541 332 2619 vendit4,
356 2545 388 2606 et
410 2542 506 2606 semel
527 2541 626 2606 infert
647 2541 814 2626 pecuniam
836 2541 886 2607 vel
910 2541 1030 2606 aerario
1052 2540 1102 2605 vel
1117 2540 1219 2604 sociis.
1258 2538 1364 2620 (172.)

282 2646 376 2729 560.
422 2645 586 2711 Moris-
608 2647 671 2711 fuit
693 2668 949 2731 unumquemque
982 2644 1186 2710 domesticam
1209 2644 1363 2708 rationem

195 2750 257 2815 sibi
280 2751 379 2815 totius
401 2751 486 2816 11111
508 2773 583 2816 suae
605 2773 661 2835 per
682 2751 748 2815 dies
764 2751 907 2836 singulos
922 2751 1067 2830 scribere,
1092 2771 1154 2834 quo
1170 2747 1363 2833 appareretl,

195 2855 271 2939 quid
295 2842 431 2941 quisque
452 2858 490 2921 de
512 2856 666 2921 reditibus
689 2856 764 2935 suis,
789 2857 926 2940 quidde
949 2860 1026 2935 arte,
1050 2855 1158 2921 fenore
1173 2854 1299 2919 lucrove
1314 2876 1363 2918 11-

194 2961 377 3043 posuisset⁶,
409 2965 441 3026 et
465 2961 609 3046 quodie,
640 2965 672 3026 et
695 2960 771 3045 quid
793 2961 870 3026 item
893 2964 1038 3044 sumptus
1061 2961 1206 3025 damnive
1228 2959 1362 3024 fecisset.

195 3064 255 3130 Sed
286 3068 456 3151 postquam
488 3067 693 3152 obsignandis
724 3066 841 3132 litteris
863 3089 989 3132 reorum
1012 3089 1050 3131 ex
1071 3067 1135 3131 suis
1158 3066 1291 3150 quisque
1312 3067 1362 3128 ta·

197 3170 280 3235 bulis
310 3171 454 3236 damnari
484 3173 601 3256 coepit,
635 3171 675 3236 ad
696 3176 839 3237 nostram
867 3172 1050 3237 memoriam
1081 3174 1150 3235 tota
1172 3170 1249 3234 haec
1271 3173 1361 3234 vetus
1435 3209 1437 3216 ·

196 3277 389 3341 consuetudo
412 3277 554 3342 cessavit.
600 3278 702 3361 (175.)

281 3381 298 3463 ξ
324 3381 374 3447 61.
421 3379 562 3446 Sectores
586 3382 661 3446 dicti
685 3385 769 3461 sunt,
793 3381 847 3465 qui
871 3404 958 3466 spem
981 3381 1060 3446 lucri
1083 3380 1132 3445 sui
1155 3380 1253 3444 secuti
1276 3381 1360 3444 bona

195 3485 475 3550 condemnatorum
497 3487 593 3550 semel
616 3486 890 3567 auctionabantur,
914 3509 1033 3572 proque
1054 3487 1104 3550 his
1120 3485 1268 3570 pecunias
1283 3507 1360 3569 pen·

194 3590 335 3654 citabant
358 3590 504 3674 [populo]
537 3591 671 3675 singulis
694 3591 820 3675 postea⁷
848 3614 907 3675 pro
930 3592 1114 3675 compendio
1136 3613 1194 3655 suo
1218 3590 1361 3674 singulas

193 3717 335 3779 quasque
358 3719 407 3762 res
429 3694 579 3779 pecunia⁸
603 3696 771 3760 vendituri.
816 3699 922 3782 (177.)

281 3798 298 3882 ἕ
322 3800 374 3864 91.
410 3799 498 3864 Inter
521 3799 720 3884 syngraphas
743 3805 775 3864 et
791 3805 894 3866 cetera
916 3801 1128 3887 chirographa
1143 3800 1204 3864 hoc
1219 3799 1360 3881 interest,

194 3901 278 3984 quod
306 3903 341 3968 in
364 3905 475 3970 ceteris
498 3908 624 3968 tantum
655 3926 736 3988 quae
758 3910 849 3991 gesta
871 3910 946 3970 sunt
968 3907 1063 3970 scribi
1085 3905 1198 3985 solent,
1228 3905 1262 3968 in
1285 3929 1360 3991 syn-

192 4007 325 4091 graphis
357 4009 453 4073 etiam
476 4013 587 4074 contra
608 4008 703 4072 fidem
726 4010 870 4074 veritatis
893 4010 999 4093 pactio
1021 4011 1126 4088 venit;
1159 4014 1191 4074 et
1214 4033 1278 4075 non
1300 4034 1358 4074 nu·

190 4141 398 4151 —--———.

277 4183 301 4251 1)
319 4182 385 4238 inde
403 4183 473 4238 11111.
492 4211 525 4221 -
546 4181 799 4249 111ᾶὶ1111111.
818 4213 851 4222 —-
869 4181 897 4253 3)
918 4182 960 4252 Of.
980 4182 1041 4238 Gai.
1060 4185 1125 4250 4‚15.
1143 4213 1179 4223 ·-
1197 4185 1224 4253 4)
1244 4183 1359 4252 Corrup-

192 4275 257 4329 tam.
293 4268 420 4324 sonasse
444 4270 572 4325 auctione
591 4270 737 4340 redempta
759 4271 863 4325 vendit.
884 4301 917 4310 -
936 4275 963 4340 5)
980 4271 1011 4326 in
1028 4290 1082 4340 quo
1101 4274 1218 4342 apparet
1236 4272 1305 4327 libri.
1325 4301 1359 4311 —-

190 4388 224 4396 ——
252 4359 279 4426 6)
305 4361 425 4428 seposset
443 4360 512 4412 11111
542 4360 678 4429 -1)11’1
695 4359 791 4428 Orelli,
819 4359 1002 4430 pensitabant
1020 4358 1138 4427 singulis
1157 4376 1190 4413 ac
1207 4358 1359 4428 impostera

190 4445 259 4502 labri.
281 4475 313 4483 -
332 4445 360 4516 8)
378 4462 421 4500 111
438 4446 556 4515 pecunia
576 4446 666 4517 Orelli,
685 4449 815 4519 pecunias
834 4449 904 4506 11111.
