3184 5156
272 377 313 443 16
683 372 771 444 Leges
789 371 842 427 XII
859 372 1031 428 tabularum.

268 554 368 633 rinus,
391 552 531 637 iussique
545 549 672 615 inclitas
694 549 781 635 leges
796 548 922 616 Solonis
944 549 1119 616 describere
1134 553 1167 615 et
1188 550 1324 617 aliarum
1341 551 1441 619 Grae·

269 660 336 724 ciac
347 658 527 723 civitatium
537 656 688 721 instituta
699 678 802 721 mores
814 656 948 741 iuraque
962 678 1099 722 noscere.
1136 657 1228 742 (320
1251 695 1293 705 -
1316 659 1443 744 quietus

271 787 373 829 annus
397 763 556 847 (301)-
578 761 705 828 silentio
733 762 954 843 tribunorum,
988 763 1137 847 quod-
1159 762 1356 849 legatorum,
1389 764 1444 850 qui

271 868 416 935 Athenas
430 869 544 949 ierant,
567 866 737 953 legumque
756 867 996 954 peregrinarum
1012 867 1205 953 exspectatio
1227 869 1385 954 praebuit.
1400 907 1445 918 -

271 973 342 1040 lam
365 975 458 1060 (302)
482 974 642 1040 redierant
668 971 769 1058 legati
791 995 863 1038 cum
885 970 1003 1037 Atticis
1031 973 1166 1060 legibue.
1211 975 1261 1040 Eo
1290 975 1445 1042 intentius

269 1081 435 1146 instabant
449 1079 582 1160 tribuni,
605 1083 642 1142 ut
665 1079 794 1143 tandem
808 1079 1045 1144 scribendarum
1059 1078 1167 1166 legum
1190 1081 1320 1147 initium
1342 1082 1443 1148 fieret.

269 1187 378 1252 Placet
400 1185 500 1251 creari
514 1184 630 1249 Xviros
653 1184 721 1250 sine
736 1185 970 1269 provocatione,
994 1188 1089 1250 etue
1111 1185 1183 1271 quis
1205 1209 1242 1252 eo
1265 1209 1349 1253 anno
1363 1187 1446 1254 alius

270 1293 478 1378 magistratus
508 1293 599 1355 esset.
650 1287 950 1356 Admiscerentume
984 1290 1108 1376 plebei,
1139 1295 1354 1359 controversia
1386 1293 1446 1359 ali-

271 1397 421 1483 quamdiu
452 1396 531 1474 fuit3
563 1399 723 1481 postremo
755 1418 938 1461 concessum
969 1397 1125 1482 patribus.
1156 1433 1201 1444 -
1229 1396 1287 1484 (33
1295 1399 1318 1483 1)
1349 1398 1446 1465 Anno

269 1502 491 1568 trecentesimo
506 1501 618 1583 altero,
641 1524 737 1587 quam
752 1502 881 1568 condita
895 1500 999 1567 Roma
1021 1508 1100 1583 erat,
1117 1539 1158 1552 -
1174 1507 1318 1569 mutatur
1341 1504 1447 1571 forma

271 1607 412 1674 civitatis
435 1607 475 1672 ab
498 1606 681 1671 consulibus
713 1607 753 1672 ad
774 1607 899 1675 Xriroa
925 1607 1168 1674 —Decemviri
1199 1609 1298 1675 creati
1321 1608 1446 1695 Appius

271 1712 423 1778 Claudius
446 1717 497 1777 331.
520 1749 563 1758 -
586 1710 674 1795 (341)
698 1710 781 1777 Tum
797 1712 890 1798 (303)
905 1714 1031 1800 legibus
1046 1713 1216 1780 condendis
1236 1737 1331 1801 opera
1346 1715 1446 1781 daba-

270 1822 343 1896 tur3
374 1815 560 1902 ingentique
592 1816 759 1882 hominum
790 1819 1023 1903 exspectatione
1054 1819 1225 1905 propositis
1254 1818 1285 1884 X
1316 1820 1446 1903 tabulis,

271 1921 425 2008 populum
448 1922 488 1987 ad
509 1921 689 1986 contionem
712 1921 962 1989 advocavenmt:
985 1959 1028 1971 -
1049 1922 1092 1990 ‘se
1114 1961 1155 1971 —
1178 1925 1335 2006 omnibus,
1358 1947 1447 1990 sum·

272 2029 332 2092 mis
354 2027 553 2113 infimisque,
585 2027 656 2091 iura
685 2024 852 2112 aequasse'.
876 2065 919 2074 -
942 2026 1022 2094 Cum
1044 2029 1084 2094 ed
1107 2049 1248 2095 rumores
1279 2029 1447 2094 hominum

273 2133 311 2197 de
333 2155 524 2218 unoquoque
555 2131 663 2218 legum
694 2133 797 2218 capite
828 2134 928 2200 editos
962 2135 1040 2200 satis
1070 2139 1227 2201 correctae
1253 2135 1447 2218 viderentur,

272 2239 459 2305 centuriatis
482 2239 619 2304 comitiis
634 2237 664 2302 X
679 2239 863 2304 tabularum
885 2241 971 2326 leges
994 2241 1135 2325 perlatae
1157 2243 1242 2321 sunt,
1266 2263 1347 2324 quae
1361 2262 1447 2306 nunc

273 2367 398 2430 quoque
420 2345 454 2408 in
469 2344 529 2409 hoe
551 2344 704 2409 immenso
720 2343 856 2409 aliarum
879 2368 973 2431 super
996 2346 1074 2411 31133
1097 2349 1315 2410 acervatarum
1337 2345 1447 2431 legum

272 2450 398 2515 cumulo
414 2450 486 2515 fons
502 2451 606 2515 omnis
622 2449 742 2535 publici
757 2451 938 2535 privatique
953 2456 1002 2516 est
1022 2452 1109 2516 iuris.
1156 2448 1318 2536 Vulgatur
1332 2451 1445 2518 deinde

273 2578 391 2637 mmor,
415 2556 492 2621 duas
515 2557 620 2622 deesse
643 2556 785 2637 tabulae,
809 2557 924 2642 quibus
948 2557 1077 2623 adiectis
1100 2556 1222 2622 absolvi
1244 2579 1335 2642 posse
1359 2558 1448 2624 velut

273 2683 385 2746 corpus
401 2661 503 2727 omnis
519 2660 656 2727 Romani
671 2661 759 2726 iuris.
793 2661 842 2727 Ea
861 2661 1054 2747 exspectatio
1071 2701 1111 2710 -
1127 2663 1317 2728 desiderium
1327 2662 1445 2728 Xuiros

274 2767 390 2832 iterum
423 2767 550 2831 creandi
579 2766 664 2834 fecit.
689 2804 730 2814 -
753 2767 841 2854 (371)
864 2767 934 2832 lam
963 2772 995 2833 et
1017 2772 1211 2853 processerat
1241 2789 1315 2854 pars
1346 2769 1450 2834 maior

216 2866 219 2872 ’
274 2874 350 2939 anni
373 2873 467 2958 (304)
490 2877 522 2938 31
553 2874 632 2940 duae
654 2873 782 2938 tabulae
815 2874 924 2960 legum
955 2875 996 2940 ad
1024 2874 1140 2960 prioris
1170 2874 1247 2938 anni
1269 2873 1299 2938 X
1320 2873 1448 2938 tabulas

273 2982 364 3045 erant
386 2979 535 3059 adiectae,
559 2979 797 3064 necquicquam
818 2980 883 3045 iam
898 2985 1070 3065 supererat,
1094 2981 1122 3045 si
1143 3003 1197 3046 eae
1212 3002 1337 3065 quoque
1359 2979 1446 3065 leges

274 3083 459 3150 centuriatis
482 3085 618 3148 comitiis
634 3084 773 3167 perlatae
789 3087 902 3164 essent,
926 3106 981 3149 cur
996 3107 1033 3150 eo
1056 3086 1248 3172 magistratu
1270 3085 1316 3150 rei
1338 3085 1447 3170 publi-

273 3216 327 3259 cae
350 3215 428 3277 opus
451 3194 542 3257 esset.
588 3189 646 3273 (57
651 3187 674 3274 1)
701 3187 892 3274 Priusquam
912 3190 1023 3254 urbem
1046 3191 1271 3276 egrederentur
1294 3228 1336 3238 -
1361 3190 1450 3274 (333-

272 3299 355 3364 sule
383 3319 412 3363 3.
435 3297 512 3380 306)
542 3296 627 3380 leges
657 3293 894 3374 decemvirales,
925 3294 1041 3378 quibus
1064 3295 1183 3361 tabulis
1206 3295 1370 3362 duodecim
1401 3300 1451 3361 est

273 3425 399 3482 nomen,
422 3402 456 3465 in
480 3423 531 3466 aes
553 3401 668 3465 incisas
690 3399 725 3464 in
748 3399 874 3484 publico
897 3406 1138 3485 proposuerunt.
1184 3401 1266 3468 Sunt
1288 3403 1342 3487 qui
1358 3402 1449 3467 iussu

274 3508 477 3572 tribunorum
500 3506 616 3571 aediles
639 3506 765 3571 functos
788 3528 825 3571 eo
847 3506 1024 3571 ministerio
1047 3507 1197 3573 scribant.
1216 3505 1226 3544 ¹

347 3684 374 3752 l)
392 3681 527 3752 93333331
552 3679 618 3733 XII
634 3680 687 3736 131.
712 3680 787 3750 apua
805 3680 942 3735 11333333
960 3680 1067 3748 133131
1079 3682 1160 3751 fate,
1187 3680 1316 3750 33333113
1334 3685 1414 3749 captu
1432 3696 1452 3734 3

277 3768 628 3836 (1311133313131313131,
656 3774 829 3838 3333333133
845 3769 983 3823 3331113133
999 3769 1069 3836 3131,
1095 3769 1225 3838 quomodo
1243 3775 1390 3838 teurpcrma
1407 3768 1452 3822 113-

277 3875 356 3913 3333
381 3863 469 3913 133133
493 3874 583 3911 corruo
605 3857 641 3911 311
658 3861 790 3920 13313133,
817 3856 927 3924 quicum
945 3855 1132 3924 3331331333
1150 3857 1185 3911 113
1202 3857 1352 3911 3331113131
1368 3856 1452 3910 13131-

273 3952 370 4015 prctee,
395 3946 485 4000 33313
503 3947 599 4015 optime
617 3946 739 4014 33333311
758 3944 829 3999 11311.
849 3943 967 4011 83113311,
995 3945 1059 4014 lepis
1077 3945 1146 3998 XII
1159 3945 1211 3999 131.
1230 3945 1359 4013 3311113133
1375 3945 1452 4000 1866.

275 4052 303 4104 p.
320 4037 413 4088 1-39.
450 4034 504 4104 Qui
522 4050 583 4088 333
601 4039 694 4088 nostra
712 4038 799 4088 aetate
823 4032 885 4086 1313
902 4049 920 4086 3
938 4033 1043 4086 sacerdo
1063 4031 1142 4086 XVI
1162 4031 1316 4101 3311193113
1333 4036 1358 4085 31
1375 4032 1452 4085 33311-

275 4122 380 4177 tuendis
399 4121 468 4175 XII
482 4122 534 4177 tob.
553 4122 674 4190 reliquiis
692 4137 800 4189 operam
817 4119 937 4174 11313131
954 4123 1096 4188 emptores
1113 4122 1250 4174 33333311
1268 4119 1306 4173 Η.
1323 4118 1452 4186 Ds'rteea,

284 4209 432 4264 Ueterec'cbt
449 4209 495 4264 der
513 4210 659 4278 1111331933
682 4208 810 4262 Veraucbe
833 4224 882 4261 33
900 4207 1072 4277 1133131339
1090 4208 1135 4262 das
1154 4207 1247 4263 Teates
1265 4207 1290 4260 d.
1311 4206 1376 4260 XII
1389 4205 1453 4275 Tof.

276 4299 352 4350 1824.
390 4295 443 4366 Qui
459 4299 687 4353 accurationem
704 4301 730 4350 31
746 4296 832 4364 oium,
859 4311 927 4363 quoe
944 4301 1009 4349 esset
1027 4296 1214 4364 1393313313,
1241 4311 1337 4349 nocem
1354 4295 1452 4349 333311-

277 4386 330 4440 1311
347 4391 475 4454 tectaque
492 4385 639 4440 3311111333
656 4384 778 4452 obsolvit,
796 4389 827 4438 31
845 4399 933 4438 33333
950 4383 999 4451 qui
1011 4389 1075 4452 poet
1092 4400 1152 4439 333
1164 4383 1290 4438 XIltcb.
1304 4382 1454 4452 3111113331,

275 4474 306 4530 13
323 4491 353 4530 33
371 4475 538 4531 3113113131
556 4490 649 4544 pauca
670 4472 796 4529 3111133133
821 4473 862 4528 cel
879 4471 1052 4527 accendentes.
1090 4471 1168 4542 Quod
1184 4487 1269 4527 33133
1286 4470 1355 4526 libro
1372 4469 1454 4541 113311,
