<?xml version="1.0" encoding="UTF-8"?>
<!DOCTYPE html PUBLIC "-//W3C//DTD XHTML 1.0 Transitional//EN"
    "http://www.w3.org/TR/xhtml1/DTD/xhtml1-transitional.dtd">
<html xmlns="http://www.w3.org/1999/xhtml" xml:lang="en" lang="en">
 <head>
  <title>
</title>
<meta http-equiv="Content-Type" content="text/html;charset=utf-8" />
  <meta name='ocr-system' content='tesseract 3.04.00' />
  <meta name='ocr-capabilities' content='ocr_page ocr_carea ocr_par ocr_line ocrx_word'/>
</head>
<body>
  <div class='ocr_page' id='page_1' title='image "./fontesiurisroma00mommgoog_0377.png"; bbox 0 0 3190 5148; ppageno 0'>
   <div class='ocr_carea' id='block_1_1' title="bbox 696 335 1328 409">
    <p class='ocr_par' dir='ltr' id='par_1_1' title="bbox 696 335 1328 409">
     <span class='ocr_line' id='line_1_1' title="bbox 696 335 1328 409; baseline 0.032 -20"><span class='ocrx_word' id='word_1_1' title='bbox 696 335 800 392; x_wconf 80' lang='lat' dir='ltr'>Festus.</span> <span class='ocrx_word' id='word_1_2' title='bbox 1267 344 1328 409; x_wconf 83' lang='grc'>361</span> 
     </span>
    </p>
   </div>
   <div class='ocr_carea' id='block_1_2' title="bbox 156 513 1331 2180">
    <p class='ocr_par' dir='ltr' id='par_1_2' title="bbox 156 513 1331 2180">
     <span class='ocr_line' id='line_1_2' title="bbox 156 513 1330 607; baseline 0.005 -29"><span class='ocrx_word' id='word_1_3' title='bbox 156 516 189 578; x_wconf 93' lang='lat' dir='ltr'>in</span> <span class='ocrx_word' id='word_1_4' title='bbox 213 536 328 599; x_wconf 79' lang='lat' dir='ltr'>genere</span> <span class='ocrx_word' id='word_1_5' title='bbox 351 518 426 579; x_wconf 90' lang='lat' dir='ltr'>sunt</span> <span class='ocrx_word' id='word_1_6' title='bbox 448 513 542 579; x_wconf 89' lang='lat' dir='ltr'>haec:</span> <span class='ocrx_word' id='word_1_7' title='bbox 565 515 599 580; x_wconf 96' lang='lat' dir='ltr'>in</span> <span class='ocrx_word' id='word_1_8' title='bbox 622 515 730 580; x_wconf 89' lang='lat' dir='ltr'>aedem</span> <span class='ocrx_word' id='word_1_9' title='bbox 753 515 860 580; x_wconf 84' lang='lat' dir='ltr'>Bonae</span> <span class='ocrx_word' id='word_1_10' title='bbox 882 515 957 607; x_wconf 88' lang='lat' dir='ltr'>deae</span> <span class='ocrx_word' id='word_1_11' title='bbox 980 517 1084 581; x_wconf 87' lang='lat' dir='ltr'>virum</span> <span class='ocrx_word' id='word_1_12' title='bbox 1107 517 1249 598; x_wconf 77' lang='lat' dir='ltr'>introire,</span> <span class='ocrx_word' id='word_1_13' title='bbox 1275 519 1330 584; x_wconf 93' lang='lat' dir='ltr'>ad-</span> 
     </span>
     <span class='ocr_line' id='line_1_3' title="bbox 158 617 1331 708; baseline 0.004 -24"><span class='ocrx_word' id='word_1_14' title='bbox 158 642 267 684; x_wconf 87' lang='lat' dir='ltr'>versus</span> <span class='ocrx_word' id='word_1_15' title='bbox 285 618 440 704; x_wconf 88' lang='lat' dir='ltr'>auspicia¹</span> <span class='ocrx_word' id='word_1_16' title='bbox 464 619 567 703; x_wconf 85' lang='lat' dir='ltr'>legem</span> <span class='ocrx_word' id='word_1_17' title='bbox 580 617 635 684; x_wconf 74' lang='lat' dir='ltr'>ad2</span> <span class='ocrx_word' id='word_1_18' title='bbox 651 619 804 704; x_wconf 89' lang='lat' dir='ltr'>populum</span> <span class='ocrx_word' id='word_1_19' title='bbox 817 620 909 700; x_wconf 77' lang='lat' dir='ltr'>ferre,</span> <span class='ocrx_word' id='word_1_20' title='bbox 934 621 983 686; x_wconf 93' lang='lat' dir='ltr'>die</span> <span class='ocrx_word' id='word_1_21' title='bbox 997 621 1124 688; x_wconf 88' lang='lat' dir='ltr'>nefasto</span> <span class='ocrx_word' id='word_1_22' title='bbox 1140 625 1224 706; x_wconf 88' lang='lat' dir='ltr'>apud</span> <span class='ocrx_word' id='word_1_23' title='bbox 1239 647 1331 708; x_wconf 90' lang='lat' dir='ltr'>prae·</span> 
     </span>
     <span class='ocr_line' id='line_1_4' title="bbox 157 724 1331 814; baseline 0.004 -25"><span class='ocrx_word' id='word_1_24' title='bbox 157 729 261 790; x_wconf 89' lang='lat' dir='ltr'>torem</span> <span class='ocrx_word' id='word_1_25' title='bbox 284 725 354 810; x_wconf 88' lang='lat' dir='ltr'>lege</span> <span class='ocrx_word' id='word_1_26' title='bbox 377 746 481 810; x_wconf 82' lang='lat' dir='ltr'>agere.</span> <span class='ocrx_word' id='word_1_27' title='bbox 516 724 605 790; x_wconf 89' lang='lat' dir='ltr'>Inter</span> <span class='ocrx_word' id='word_1_28' title='bbox 622 748 746 791; x_wconf 90' lang='lat' dir='ltr'>sacrum</span> <span class='ocrx_word' id='word_1_29' title='bbox 762 729 868 790; x_wconf 86' lang='lat' dir='ltr'>autem</span> <span class='ocrx_word' id='word_1_30' title='bbox 884 730 915 791; x_wconf 90' lang='lat' dir='ltr'>et</span> <span class='ocrx_word' id='word_1_31' title='bbox 931 731 1075 791; x_wconf 88' lang='lat' dir='ltr'>sanctum</span> <span class='ocrx_word' id='word_1_32' title='bbox 1099 731 1130 792; x_wconf 89' lang='lat' dir='ltr'>et</span> <span class='ocrx_word' id='word_1_33' title='bbox 1145 727 1331 814; x_wconf 84' lang='lat' dir='ltr'>religiosum</span> 
     </span>
     <span class='ocr_line' id='line_1_5' title="bbox 158 828 1328 899; baseline 0.004 -5"><span class='ocrx_word' id='word_1_34' title='bbox 158 829 355 895; x_wconf 88' lang='lat' dir='ltr'>differentias</span> <span class='ocrx_word' id='word_1_35' title='bbox 386 828 558 894; x_wconf 80' lang='lat' dir='ltr'>bellissime</span> <span class='ocrx_word' id='word_1_36' title='bbox 580 829 693 893; x_wconf 77' lang='lat' dir='ltr'>refert:</span> <span class='ocrx_word' id='word_1_37' title='bbox 727 851 887 894; x_wconf 88' lang='lat' dir='ltr'>sacrum</span> <span class='ocrx_word' id='word_1_38' title='bbox 914 831 1090 896; x_wconf 89' lang='lat' dir='ltr'>aedificium</span> <span class='ocrx_word' id='word_1_39' title='bbox 1113 838 1328 899; x_wconf 88' lang='lat' dir='ltr'>consecratum</span> 
     </span>
     <span class='ocr_line' id='line_1_6' title="bbox 159 932 1331 1022; baseline 0.004 -23"><span class='ocrx_word' id='word_1_40' title='bbox 159 935 226 1017; x_wconf 89' lang='lat' dir='ltr'>dec,</span> <span class='ocrx_word' id='word_1_41' title='bbox 249 937 439 999; x_wconf 88' lang='lat' dir='ltr'>sanctum</span> <span class='ocrx_word' id='word_1_42' title='bbox 461 955 588 997; x_wconf 89' lang='lat' dir='ltr'>murum</span> <span class='ocrx_word' id='word_1_43' title='bbox 611 933 666 1016; x_wconf 92' lang='lat' dir='ltr'>qui</span> <span class='ocrx_word' id='word_1_44' title='bbox 689 932 731 996; x_wconf 90' lang='lat' dir='ltr'>sit</span> <span class='ocrx_word' id='word_1_45' title='bbox 753 932 871 998; x_wconf 90' lang='lat' dir='ltr'>circum</span> <span class='ocrx_word' id='word_1_46' title='bbox 893 935 1054 1019; x_wconf 75' lang='lat' dir='ltr'>oppidum,</span> <span class='ocrx_word' id='word_1_47' title='bbox 1078 937 1331 1022; x_wconf 85' lang='lat' dir='ltr'>religiosum</span> 
     </span>
     <span class='ocr_line' id='line_1_7' title="bbox 161 1037 1328 1123; baseline 0.006 -19"><span class='ocrx_word' id='word_1_48' title='bbox 161 1039 349 1123; x_wconf 81' lang='lat' dir='ltr'>sepulcrum,</span> <span class='ocrx_word' id='word_1_49' title='bbox 373 1039 428 1102; x_wconf 91' lang='lat' dir='ltr'>ubi</span> <span class='ocrx_word' id='word_1_50' title='bbox 449 1041 594 1102; x_wconf 87' lang='lat' dir='ltr'>mortuus</span> <span class='ocrx_word' id='word_1_51' title='bbox 617 1037 758 1121; x_wconf 89' lang='lat' dir='ltr'>sepultus</span> <span class='ocrx_word' id='word_1_52' title='bbox 782 1043 838 1103; x_wconf 87' lang='lat' dir='ltr'>aut</span> <span class='ocrx_word' id='word_1_53' title='bbox 858 1039 1008 1105; x_wconf 89' lang='lat' dir='ltr'>humatus</span> <span class='ocrx_word' id='word_1_54' title='bbox 1032 1041 1074 1105; x_wconf 89' lang='lat' dir='ltr'>sit</span> <span class='ocrx_word' id='word_1_55' title='bbox 1089 1042 1167 1108; x_wconf 86' lang='lat' dir='ltr'>satis</span> <span class='ocrx_word' id='word_1_56' title='bbox 1184 1050 1328 1112; x_wconf 81' lang='lat' dir='ltr'>constare</span> 
     </span>
     <span class='ocr_line' id='line_1_8' title="bbox 160 1143 1331 1230; baseline 0.006 -21"><span class='ocrx_word' id='word_1_57' title='bbox 160 1145 226 1220; x_wconf 87' lang='lat' dir='ltr'>ait;</span> <span class='ocrx_word' id='word_1_58' title='bbox 250 1144 382 1209; x_wconf 83' lang='lat' dir='ltr'>sedilia</span> <span class='ocrx_word' id='word_1_59' title='bbox 404 1167 461 1229; x_wconf 87' lang='lat' dir='ltr'>pro</span> <span class='ocrx_word' id='word_1_60' title='bbox 484 1143 645 1228; x_wconf 76' lang='lat' dir='ltr'>portione³</span> <span class='ocrx_word' id='word_1_61' title='bbox 670 1143 807 1228; x_wconf 87' lang='lat' dir='ltr'>quadarn</span> <span class='ocrx_word' id='word_1_62' title='bbox 829 1148 861 1210; x_wconf 93' lang='lat' dir='ltr'>et</span> <span class='ocrx_word' id='word_1_63' title='bbox 883 1147 1078 1230; x_wconf 85' lang='lat' dir='ltr'>temporibus</span> <span class='ocrx_word' id='word_1_64' title='bbox 1101 1149 1209 1214; x_wconf 87' lang='lat' dir='ltr'>eadem</span> <span class='ocrx_word' id='word_1_65' title='bbox 1231 1151 1331 1216; x_wconf 87' lang='lat' dir='ltr'>videri</span> 
     </span>
     <span class='ocr_line' id='line_1_9' title="bbox 158 1249 1329 1336; baseline 0.004 -20"><span class='ocrx_word' id='word_1_66' title='bbox 158 1273 262 1336; x_wconf 83' lang='lat' dir='ltr'>posse,</span> <span class='ocrx_word' id='word_1_67' title='bbox 286 1249 313 1313; x_wconf 92' lang='lat' dir='ltr'>si</span> <span class='ocrx_word' id='word_1_68' title='bbox 329 1249 455 1334; x_wconf 90' lang='lat' dir='ltr'>quidem</span> <span class='ocrx_word' id='word_1_69' title='bbox 478 1249 561 1331; x_wconf 93' lang='lat' dir='ltr'>quod</span> <span class='ocrx_word' id='word_1_70' title='bbox 578 1271 702 1313; x_wconf 91' lang='lat' dir='ltr'>sacrum</span> <span class='ocrx_word' id='word_1_71' title='bbox 718 1253 776 1329; x_wconf 89' lang='lat' dir='ltr'>est,</span> <span class='ocrx_word' id='word_1_72' title='bbox 799 1249 883 1314; x_wconf 90' lang='lat' dir='ltr'>idem</span> <span class='ocrx_word' id='word_1_73' title='bbox 905 1251 975 1336; x_wconf 81' lang='lat' dir='ltr'>lege</span> <span class='ocrx_word' id='word_1_74' title='bbox 995 1255 1050 1316; x_wconf 88' lang='lat' dir='ltr'>aut</span> <span class='ocrx_word' id='word_1_75' title='bbox 1065 1251 1214 1319; x_wconf 87' lang='lat' dir='ltr'>instituto</span> <span class='ocrx_word' id='word_1_76' title='bbox 1230 1257 1329 1321; x_wconf 88' lang='lat' dir='ltr'>maio-</span> 
     </span>
     <span class='ocr_line' id='line_1_10' title="bbox 158 1353 1330 1443; baseline 0.005 -23"><span class='ocrx_word' id='word_1_77' title='bbox 158 1379 231 1420; x_wconf 88' lang='lat' dir='ltr'>rum</span> <span class='ocrx_word' id='word_1_78' title='bbox 254 1359 399 1419; x_wconf 90' lang='lat' dir='ltr'>sanctum</span> <span class='ocrx_word' id='word_1_79' title='bbox 421 1377 488 1419; x_wconf 87' lang='lat' dir='ltr'>esse</span> <span class='ocrx_word' id='word_1_80' title='bbox 509 1358 620 1438; x_wconf 88' lang='lat' dir='ltr'>putat,</span> <span class='ocrx_word' id='word_1_81' title='bbox 652 1353 704 1418; x_wconf 69' lang='lat' dir='ltr'>ut4</span> <span class='ocrx_word' id='word_1_82' title='bbox 727 1354 841 1420; x_wconf 85' lang='lat' dir='ltr'>violari</span> <span class='ocrx_word' id='word_1_83' title='bbox 863 1355 896 1420; x_wconf 93' lang='lat' dir='ltr'>id</span> <span class='ocrx_word' id='word_1_84' title='bbox 919 1357 987 1420; x_wconf 87' lang='lat' dir='ltr'>sine</span> <span class='ocrx_word' id='word_1_85' title='bbox 1008 1378 1111 1440; x_wconf 89' lang='lat' dir='ltr'>poena</span> <span class='ocrx_word' id='word_1_86' title='bbox 1133 1380 1196 1422; x_wconf 89' lang='lat' dir='ltr'>non</span> <span class='ocrx_word' id='word_1_87' title='bbox 1210 1361 1330 1443; x_wconf 79' lang='lat' dir='ltr'>possit.</span> 
     </span>
     <span class='ocr_line' id='line_1_11' title="bbox 158 1460 1331 1548; baseline 0.003 -22"><span class='ocrx_word' id='word_1_88' title='bbox 158 1460 248 1526; x_wconf 86' lang='lat' dir='ltr'>Idem</span> <span class='ocrx_word' id='word_1_89' title='bbox 273 1460 457 1544; x_wconf 84' lang='lat' dir='ltr'>religiosum</span> <span class='ocrx_word' id='word_1_90' title='bbox 480 1482 605 1544; x_wconf 90' lang='lat' dir='ltr'>quoque</span> <span class='ocrx_word' id='word_1_91' title='bbox 628 1481 710 1540; x_wconf 84' lang='lat' dir='ltr'>esse,</span> <span class='ocrx_word' id='word_1_92' title='bbox 735 1461 901 1544; x_wconf 73' lang='lat' dir='ltr'>quoniamb</span> <span class='ocrx_word' id='word_1_93' title='bbox 924 1461 967 1526; x_wconf 88' lang='lat' dir='ltr'>sit</span> <span class='ocrx_word' id='word_1_94' title='bbox 990 1461 1146 1546; x_wconf 78' lang='lat' dir='ltr'>aliquid⁰‚</span> <span class='ocrx_word' id='word_1_95' title='bbox 1180 1466 1331 1548; x_wconf 90' lang='lat' dir='ltr'>quodibi</span> 
     </span>
     <span class='ocr_line' id='line_1_12' title="bbox 159 1565 1329 1650; baseline 0.004 -19"><span class='ocrx_word' id='word_1_96' title='bbox 159 1566 284 1631; x_wconf 90' lang='lat' dir='ltr'>homini</span> <span class='ocrx_word' id='word_1_97' title='bbox 305 1566 408 1631; x_wconf 81' lang='lat' dir='ltr'>facere</span> <span class='ocrx_word' id='word_1_98' title='bbox 430 1586 495 1629; x_wconf 91' lang='lat' dir='ltr'>non</span> <span class='ocrx_word' id='word_1_99' title='bbox 516 1565 627 1643; x_wconf 82' lang='lat' dir='ltr'>liceat3</span> <span class='ocrx_word' id='word_1_100' title='bbox 662 1566 746 1650; x_wconf 92' lang='lat' dir='ltr'>quod</span> <span class='ocrx_word' id='word_1_101' title='bbox 770 1566 797 1631; x_wconf 90' lang='lat' dir='ltr'>si</span> <span class='ocrx_word' id='word_1_102' title='bbox 819 1567 926 1647; x_wconf 86' lang='lat' dir='ltr'>faciat,</span> <span class='ocrx_word' id='word_1_103' title='bbox 950 1567 1099 1634; x_wconf 87' lang='lat' dir='ltr'>adversus</span> <span class='ocrx_word' id='word_1_104' title='bbox 1123 1570 1252 1634; x_wconf 90' lang='lat' dir='ltr'>deorum</span> <span class='ocrx_word' id='word_1_105' title='bbox 1274 1593 1329 1636; x_wconf 85' lang='lat' dir='ltr'>vo·</span> 
     </span>
     <span class='ocr_line' id='line_1_13' title="bbox 158 1671 1330 1759; baseline 0.003 -23"><span class='ocrx_word' id='word_1_106' title='bbox 158 1672 317 1736; x_wconf 87' lang='lat' dir='ltr'>luntatem</span> <span class='ocrx_word' id='word_1_107' title='bbox 339 1671 483 1736; x_wconf 84' lang='lat' dir='ltr'>videatur</span> <span class='ocrx_word' id='word_1_108' title='bbox 505 1671 617 1736; x_wconf 84' lang='lat' dir='ltr'>facere.</span> <span class='ocrx_word' id='word_1_109' title='bbox 663 1671 817 1738; x_wconf 75' lang='lat' dir='ltr'>Similiter</span> <span class='ocrx_word' id='word_1_110' title='bbox 840 1674 878 1738; x_wconf 92' lang='lat' dir='ltr'>de</span> <span class='ocrx_word' id='word_1_111' title='bbox 897 1695 988 1738; x_wconf 89' lang='lat' dir='ltr'>muro</span> <span class='ocrx_word' id='word_1_112' title='bbox 1011 1678 1044 1739; x_wconf 93' lang='lat' dir='ltr'>et</span> <span class='ocrx_word' id='word_1_113' title='bbox 1058 1675 1202 1759; x_wconf 87' lang='lat' dir='ltr'>sepulcro</span> <span class='ocrx_word' id='word_1_114' title='bbox 1218 1675 1330 1741; x_wconf 91' lang='lat' dir='ltr'>debere</span> 
     </span>
     <span class='ocr_line' id='line_1_14' title="bbox 158 1775 1328 1864; baseline 0.003 -23"><span class='ocrx_word' id='word_1_115' title='bbox 158 1775 337 1856; x_wconf 84' lang='lat' dir='ltr'>observari,</span> <span class='ocrx_word' id='word_1_116' title='bbox 369 1779 406 1840; x_wconf 94' lang='lat' dir='ltr'>ut</span> <span class='ocrx_word' id='word_1_117' title='bbox 428 1775 536 1840; x_wconf 87' lang='lat' dir='ltr'>eadem</span> <span class='ocrx_word' id='word_1_118' title='bbox 565 1780 597 1840; x_wconf 90' lang='lat' dir='ltr'>et</span> <span class='ocrx_word' id='word_1_119' title='bbox 620 1799 709 1842; x_wconf 89' lang='lat' dir='ltr'>sacra</span> <span class='ocrx_word' id='word_1_120' title='bbox 731 1781 764 1842; x_wconf 91' lang='lat' dir='ltr'>et</span> <span class='ocrx_word' id='word_1_121' title='bbox 786 1781 896 1842; x_wconf 87' lang='lat' dir='ltr'>sancta</span> <span class='ocrx_word' id='word_1_122' title='bbox 918 1783 949 1844; x_wconf 90' lang='lat' dir='ltr'>et</span> <span class='ocrx_word' id='word_1_123' title='bbox 971 1780 1121 1864; x_wconf 80' lang='lat' dir='ltr'>religiosa</span> <span class='ocrx_word' id='word_1_124' title='bbox 1143 1781 1241 1862; x_wconf 84' lang='lat' dir='ltr'>fiant,</span> <span class='ocrx_word' id='word_1_125' title='bbox 1275 1782 1328 1846; x_wconf 91' lang='lat' dir='ltr'>sed</span> 
     </span>
     <span class='ocr_line' id='line_1_15' title="bbox 158 1879 1329 1967; baseline 0.004 -20"><span class='ocrx_word' id='word_1_126' title='bbox 158 1905 221 1967; x_wconf 93' lang='lat' dir='ltr'>quo</span> <span class='ocrx_word' id='word_1_127' title='bbox 244 1879 354 1946; x_wconf 80' lang='lat' dir='ltr'>m0d0⁷</span> <span class='ocrx_word' id='word_1_128' title='bbox 377 1903 473 1965; x_wconf 91' lang='lat' dir='ltr'>supra</span> <span class='ocrx_word' id='word_1_129' title='bbox 492 1881 671 1965; x_wconf 85' lang='lat' dir='ltr'>expositum</span> <span class='ocrx_word' id='word_1_130' title='bbox 695 1886 751 1964; x_wconf 87' lang='lat' dir='ltr'>est,</span> <span class='ocrx_word' id='word_1_131' title='bbox 775 1905 847 1950; x_wconf 90' lang='lat' dir='ltr'>curn</span> <span class='ocrx_word' id='word_1_132' title='bbox 863 1885 900 1948; x_wconf 93' lang='lat' dir='ltr'>de</span> <span class='ocrx_word' id='word_1_133' title='bbox 915 1906 1005 1949; x_wconf 89' lang='lat' dir='ltr'>sacro</span> <span class='ocrx_word' id='word_1_134' title='bbox 1020 1885 1167 1950; x_wconf 79' lang='lat' dir='ltr'>diximus,</span> <span class='ocrx_word' id='word_1_135' title='bbox 1200 1885 1239 1950; x_wconf 89' lang='lat' dir='ltr'>F.</span> <span class='ocrx_word' id='word_1_136' title='bbox 1253 1892 1329 1952; x_wconf 82' lang='lat'><strong><em>278.</em></strong></span> 
     </span>
     <span class='ocr_line' id='line_1_16' title="bbox 158 1985 1329 2074; baseline 0.004 -23"><span class='ocrx_word' id='word_1_137' title='bbox 158 1987 431 2072; x_wconf 84' lang='lat' dir='ltr'>Religiosum</span> <span class='ocrx_word' id='word_1_138' title='bbox 462 1985 514 2050; x_wconf 79' lang='lat' dir='ltr'>ac³</span> <span class='ocrx_word' id='word_1_139' title='bbox 538 2008 663 2050; x_wconf 88' lang='lat' dir='ltr'>sacrum</span> <span class='ocrx_word' id='word_1_140' title='bbox 685 1992 749 2068; x_wconf 86' lang='lat' dir='ltr'>est,</span> <span class='ocrx_word' id='word_1_141' title='bbox 779 1991 816 2052; x_wconf 92' lang='lat' dir='ltr'>ut</span> <span class='ocrx_word' id='word_1_142' title='bbox 837 1989 958 2072; x_wconf 86' lang='lat' dir='ltr'>templa</span> <span class='ocrx_word' id='word_1_143' title='bbox 980 1991 1087 2055; x_wconf 90' lang='lat' dir='ltr'>omnia</span> <span class='ocrx_word' id='word_1_144' title='bbox 1110 1994 1206 2074; x_wconf 89' lang='lat' dir='ltr'>atque</span> <span class='ocrx_word' id='word_1_145' title='bbox 1229 1993 1329 2072; x_wconf 85' lang='lat' dir='ltr'>aedes,</span> 
     </span>
     <span class='ocr_line' id='line_1_17' title="bbox 159 2091 1330 2180; baseline 0.005 -24"><span class='ocrx_word' id='word_1_146' title='bbox 159 2115 241 2176; x_wconf 91' lang='lat' dir='ltr'>quae</span> <span class='ocrx_word' id='word_1_147' title='bbox 264 2092 360 2156; x_wconf 88' lang='lat' dir='ltr'>etiam</span> <span class='ocrx_word' id='word_1_148' title='bbox 383 2095 524 2157; x_wconf 86' lang='lat' dir='ltr'>sacratae</span> <span class='ocrx_word' id='word_1_149' title='bbox 548 2091 712 2170; x_wconf 91' lang='lat' dir='ltr'>dicuntur;</span> <span class='ocrx_word' id='word_1_150' title='bbox 745 2092 794 2156; x_wconf 79' lang='lat' dir='ltr'>at⁰</span> <span class='ocrx_word' id='word_1_151' title='bbox 819 2093 901 2177; x_wconf 93' lang='lat' dir='ltr'>quod</span> <span class='ocrx_word' id='word_1_152' title='bbox 929 2117 986 2178; x_wconf 89' lang='lat' dir='ltr'>per</span> <span class='ocrx_word' id='word_1_153' title='bbox 1008 2116 1042 2159; x_wconf 88' lang='lat' dir='ltr'>se</span> <span class='ocrx_word' id='word_1_154' title='bbox 1064 2096 1249 2180; x_wconf 82' lang='lat' dir='ltr'>religiosmn</span> <span class='ocrx_word' id='word_1_155' title='bbox 1272 2101 1330 2178; x_wconf 84' lang='lat' dir='ltr'>est,</span> 
     </span>
    </p>
   </div>
   <div class='ocr_carea' id='block_1_3' title="bbox 156 2196 1444 2284">
    <p class='ocr_par' dir='ltr' id='par_1_3' title="bbox 156 2196 1444 2284">
     <span class='ocr_line' id='line_1_18' title="bbox 156 2196 1444 2284; baseline 0.004 -22"><span class='ocrx_word' id='word_1_156' title='bbox 156 2219 222 2262; x_wconf 91' lang='lat' dir='ltr'>non</span> <span class='ocrx_word' id='word_1_157' title='bbox 245 2196 367 2280; x_wconf 59' lang='lat' dir='ltr'>utimur</span> <span class='ocrx_word' id='word_1_158' title='bbox 388 2216 514 2261; x_wconf 83' lang='lat' dir='ltr'>sucrum</span> <span class='ocrx_word' id='word_1_159' title='bbox 536 2202 590 2277; x_wconf 79' lang='lat' dir='ltr'>est,</span> <span class='ocrx_word' id='word_1_160' title='bbox 621 2202 655 2260; x_wconf 82' lang='lat' dir='ltr'>ul</span> <span class='ocrx_word' id='word_1_161' title='bbox 677 2197 853 2284; x_wconf 63' lang='lat' dir='ltr'>sepulcrm,</span> <span class='ocrx_word' id='word_1_162' title='bbox 885 2199 969 2282; x_wconf 88' lang='lat' dir='ltr'>quod</span> <span class='ocrx_word' id='word_1_163' title='bbox 992 2221 1028 2264; x_wconf 84' lang='lat' dir='ltr'>ea</span> <span class='ocrx_word' id='word_1_164' title='bbox 1051 2221 1115 2264; x_wconf 95' lang='lat' dir='ltr'>non</span> <span class='ocrx_word' id='word_1_165' title='bbox 1140 2201 1254 2284; x_wconf 72' lang='lat' dir='ltr'>[sacrm</span> <span class='ocrx_word' id='word_1_166' title='bbox 1277 2203 1331 2268; x_wconf 83' lang='lat' dir='ltr'>sed</span> <span class='ocrx_word' id='word_1_167' title='bbox 1411 2257 1413 2260; x_wconf 91' lang='lat'><strong><em>.</em></strong></span> <span class='ocrx_word' id='word_1_168' title='bbox 1442 2210 1444 2214; x_wconf 84' lang='lat'>&#39;</span> 
     </span>
    </p>
   </div>
   <div class='ocr_carea' id='block_1_4' title="bbox 81 2301 1330 4526">
    <p class='ocr_par' dir='ltr' id='par_1_4' title="bbox 157 2301 606 2385">
     <span class='ocr_line' id='line_1_19' title="bbox 157 2301 606 2385; baseline -0.002 -19"><span class='ocrx_word' id='word_1_169' title='bbox 157 2303 305 2385; x_wconf 61' lang='lat' dir='ltr'>relictura</span> <span class='ocrx_word' id='word_1_170' title='bbox 325 2302 421 2384; x_wconf 66' lang='lat' dir='ltr'>suut}</span> <span class='ocrx_word' id='word_1_171' title='bbox 457 2301 506 2364; x_wconf 90' lang='lat' dir='ltr'>F.</span> <span class='ocrx_word' id='word_1_172' title='bbox 529 2306 606 2367; x_wconf 86' lang='lat'><strong><em>289.</em></strong></span> 
     </span>
    </p>

    <p class='ocr_par' dir='ltr' id='par_1_5' title="bbox 156 2405 1329 2492">
     <span class='ocr_line' id='line_1_20' title="bbox 156 2405 1329 2492; baseline 0.005 -20"><span class='ocrx_word' id='word_1_173' title='bbox 156 2407 357 2485; x_wconf 83' lang='lat' dir='ltr'>Reluere‚</span> <span class='ocrx_word' id='word_1_174' title='bbox 380 2407 544 2486; x_wconf 77' lang='lat' dir='ltr'>resolvere,</span> <span class='ocrx_word' id='word_1_175' title='bbox 568 2406 780 2492; x_wconf 81' lang='lat' dir='ltr'>repignerare.</span> <span class='ocrx_word' id='word_1_176' title='bbox 826 2405 978 2474; x_wconf 76' lang='lat' dir='ltr'>Caecilius</span> <span class='ocrx_word' id='word_1_177' title='bbox 1003 2433 1057 2474; x_wconf 76' lang='grc' dir='ltr'>-τ</span> <span class='ocrx_word' id='word_1_178' title='bbox 1081 2409 1138 2477; x_wconf 87' lang='lat' dir='ltr'>‘Ut</span> <span class='ocrx_word' id='word_1_179' title='bbox 1161 2434 1274 2478; x_wconf 89' lang='lat' dir='ltr'>aurum</span> <span class='ocrx_word' id='word_1_180' title='bbox 1297 2417 1329 2478; x_wconf 91' lang='lat' dir='ltr'>et</span> 
     </span>
    </p>

    <p class='ocr_par' dir='ltr' id='par_1_6' title="bbox 156 2503 1328 2604">
     <span class='ocr_line' id='line_1_21' title="bbox 156 2512 1328 2604; baseline 0.003 -26"><span class='ocrx_word' id='word_1_181' title='bbox 156 2516 288 2592; x_wconf 83' lang='lat' dir='ltr'>vestem,</span> <span class='ocrx_word' id='word_1_182' title='bbox 313 2512 397 2597; x_wconf 90' lang='lat' dir='ltr'>quod</span> <span class='ocrx_word' id='word_1_183' title='bbox 419 2512 530 2576; x_wconf 85' lang='lat' dir='ltr'>matris</span> <span class='ocrx_word' id='word_1_184' title='bbox 553 2512 625 2592; x_wconf 88' lang='lat' dir='ltr'>fuit,</span> <span class='ocrx_word' id='word_1_185' title='bbox 648 2512 761 2592; x_wconf 84' lang='lat' dir='ltr'>reluat,</span> <span class='ocrx_word' id='word_1_186' title='bbox 785 2514 870 2596; x_wconf 88' lang='lat' dir='ltr'>quod</span> <span class='ocrx_word' id='word_1_187' title='bbox 888 2516 960 2579; x_wconf 89' lang='lat' dir='ltr'>viva</span> <span class='ocrx_word' id='word_1_188' title='bbox 975 2515 1036 2599; x_wconf 88' lang='lat' dir='ltr'>ipsi</span> <span class='ocrx_word' id='word_1_189' title='bbox 1052 2516 1235 2600; x_wconf 87' lang='lat' dir='ltr'>opposuit¹⁰</span> <span class='ocrx_word' id='word_1_190' title='bbox 1258 2519 1328 2604; x_wconf 83' lang='lat' dir='ltr'>pig-</span> 
     </span>
    </p>

    <p class='ocr_par' dir='ltr' id='par_1_7' title="bbox 155 2618 432 2684">
     <span class='ocr_line' id='line_1_22' title="bbox 155 2618 432 2684; baseline -0.007 0"><span class='ocrx_word' id='word_1_191' title='bbox 155 2619 248 2684; x_wconf 89' lang='lat' dir='ltr'>nori.&#39;</span> <span class='ocrx_word' id='word_1_192' title='bbox 294 2618 333 2682; x_wconf 92' lang='lat' dir='ltr'>F.</span> <span class='ocrx_word' id='word_1_193' title='bbox 355 2622 432 2684; x_wconf 86' lang='lat'><strong><em>281.</em></strong></span> 
     </span>
    </p>

    <p class='ocr_par' dir='ltr' id='par_1_8' title="bbox 156 2719 1330 2812">
     <span class='ocr_line' id='line_1_23' title="bbox 156 2719 1330 2812; baseline 0.004 -25"><span class='ocrx_word' id='word_1_194' title='bbox 156 2722 502 2808; x_wconf 85' lang='lat' dir='ltr'>Remancipatam</span> <span class='ocrx_word' id='word_1_195' title='bbox 533 2721 643 2788; x_wconf 78' lang='lat' dir='ltr'>Gallus</span> <span class='ocrx_word' id='word_1_196' title='bbox 667 2722 777 2788; x_wconf 80' lang='lat' dir='ltr'>Aelius</span> <span class='ocrx_word' id='word_1_197' title='bbox 801 2747 868 2790; x_wconf 89' lang='lat' dir='ltr'>esse</span> <span class='ocrx_word' id='word_1_198' title='bbox 890 2727 946 2806; x_wconf 77' lang='lat' dir='ltr'>ait,</span> <span class='ocrx_word' id='word_1_199' title='bbox 980 2749 1061 2812; x_wconf 91' lang='lat' dir='ltr'>quae</span> <span class='ocrx_word' id='word_1_200' title='bbox 1083 2719 1265 2812; x_wconf 85' lang='lat' dir='ltr'>mancipata</span> <span class='ocrx_word' id='word_1_201' title='bbox 1287 2728 1330 2792; x_wconf 90' lang='lat' dir='ltr'>sit</span> 
     </span>
    </p>

    <p class='ocr_par' dir='ltr' id='par_1_9' title="bbox 157 2829 952 2913">
     <span class='ocr_line' id='line_1_24' title="bbox 157 2829 952 2913; baseline 0.001 -18"><span class='ocrx_word' id='word_1_202' title='bbox 157 2830 197 2895; x_wconf 90' lang='lat' dir='ltr'>ab</span> <span class='ocrx_word' id='word_1_203' title='bbox 221 2852 267 2910; x_wconf 84' lang='lat' dir='ltr'>ee,</span> <span class='ocrx_word' id='word_1_204' title='bbox 291 2829 402 2913; x_wconf 92' lang='lat' dir='ltr'>quiin</span> <span class='ocrx_word' id='word_1_205' title='bbox 425 2851 555 2893; x_wconf 85' lang='lat' dir='ltr'>manum</span> <span class='ocrx_word' id='word_1_206' title='bbox 578 2830 769 2894; x_wconf 86' lang='lat' dir='ltr'>convenerit.</span> <span class='ocrx_word' id='word_1_207' title='bbox 815 2830 853 2894; x_wconf 93' lang='lat' dir='ltr'>F.</span> <span class='ocrx_word' id='word_1_208' title='bbox 876 2835 952 2896; x_wconf 89' lang='lat'><strong><em>277.</em></strong></span> 
     </span>
    </p>

    <p class='ocr_par' dir='ltr' id='par_1_10' title="bbox 156 2932 1328 3018">
     <span class='ocr_line' id='line_1_25' title="bbox 156 2932 1328 3018; baseline 0.001 -19"><span class='ocrx_word' id='word_1_209' title='bbox 156 2933 435 3017; x_wconf 78' lang='lat' dir='ltr'>Ren[uucitur</span> <span class='ocrx_word' id='word_1_210' title='bbox 458 2983 465 2996; x_wconf 98' lang='lat'><strong><em>.</em></strong></span> <span class='ocrx_word' id='word_1_211' title='bbox 490 2982 497 2996; x_wconf 92' lang='lat'><strong><em>.</em></strong></span> <span class='ocrx_word' id='word_1_212' title='bbox 520 2932 712 3016; x_wconf 76' lang='lat' dir='ltr'>si9]nilicare</span> <span class='ocrx_word' id='word_1_213' title='bbox 744 2933 790 2998; x_wconf 87' lang='lat' dir='ltr'>ait</span> <span class='ocrx_word' id='word_1_214' title='bbox 821 2935 1080 3018; x_wconf 76' lang='lat' dir='ltr'>rep[releeoderil‚·</span> <span class='ocrx_word' id='word_1_215' title='bbox 1113 2937 1195 3002; x_wconf 82' lang='lat' dir='ltr'>uude</span> <span class='ocrx_word' id='word_1_216' title='bbox 1227 2937 1328 3001; x_wconf 73' lang='lat' dir='ltr'>adduc</span> 
     </span>
    </p>

    <p class='ocr_par' dir='ltr' id='par_1_11' title="bbox 156 3038 1305 3124">
     <span class='ocr_line' id='line_1_26' title="bbox 156 3038 1305 3124; baseline 0.001 -20"><span class='ocrx_word' id='word_1_217' title='bbox 156 3038 227 3122; x_wconf 79' lang='lat' dir='ltr'>uos]</span> <span class='ocrx_word' id='word_1_218' title='bbox 251 3038 383 3103; x_wconf 87' lang='lat' dir='ltr'>dicimus</span> <span class='ocrx_word' id='word_1_219' title='bbox 408 3039 632 3119; x_wconf 81' lang='lat' dir='ltr'>‘nanciscitur‚&#39;</span> <span class='ocrx_word' id='word_1_220' title='bbox 657 3039 697 3122; x_wconf 80' lang='lat' dir='ltr'>[ct</span> <span class='ocrx_word' id='word_1_221' title='bbox 718 3045 858 3118; x_wconf 75' lang='lat' dir='ltr'>nanctae,</span> <span class='ocrx_word' id='word_1_222' title='bbox 882 3040 917 3104; x_wconf 77' lang='lat' dir='ltr'>id</span> <span class='ocrx_word' id='word_1_223' title='bbox 935 3046 978 3105; x_wconf 79' lang='lat' dir='ltr'>ast</span> <span class='ocrx_word' id='word_1_224' title='bbox 993 3041 1147 3124; x_wconf 67' lang='lat' dir='ltr'>adeptus}</span> <span class='ocrx_word' id='word_1_225' title='bbox 1171 3041 1209 3106; x_wconf 87' lang='lat' dir='ltr'><strong><em>F</em></strong></span> <span class='ocrx_word' id='word_1_226' title='bbox 1229 3046 1305 3106; x_wconf 91' lang='grc'><em>277.</em></span> 
     </span>
    </p>

    <p class='ocr_par' dir='ltr' id='par_1_12' title="bbox 156 3142 1328 3228">
     <span class='ocr_line' id='line_1_27' title="bbox 156 3142 1328 3228; baseline 0.001 -21"><span class='ocrx_word' id='word_1_227' title='bbox 156 3142 425 3209; x_wconf 86' lang='lat' dir='ltr'>Renancitur</span> <span class='ocrx_word' id='word_1_228' title='bbox 446 3142 607 3228; x_wconf 80' lang='lat' dir='ltr'>significat</span> <span class='ocrx_word' id='word_1_229' title='bbox 629 3142 876 3227; x_wconf 83' lang='lat' dir='ltr'>reprehenderit,</span> <span class='ocrx_word' id='word_1_230' title='bbox 900 3145 981 3209; x_wconf 92' lang='lat' dir='ltr'>unde</span> <span class='ocrx_word' id='word_1_231' title='bbox 997 3145 1100 3209; x_wconf 90' lang='lat' dir='ltr'>adhuc</span> <span class='ocrx_word' id='word_1_232' title='bbox 1122 3167 1179 3210; x_wconf 87' lang='lat' dir='ltr'>nos</span> <span class='ocrx_word' id='word_1_233' title='bbox 1196 3145 1328 3209; x_wconf 87' lang='lat' dir='ltr'>dicimus</span> 
     </span>
    </p>

    <p class='ocr_par' dir='ltr' id='par_1_13' title="bbox 81 3246 1044 3332">
     <span class='ocr_line' id='line_1_28' title="bbox 81 3246 1044 3332; baseline 0 -19"><span class='ocrx_word' id='word_1_234' title='bbox 81 3250 83 3256; x_wconf 72' lang='grc'>’</span> <span class='ocrx_word' id='word_1_235' title='bbox 156 3247 349 3313; x_wconf 84' lang='lat' dir='ltr'>nanciscitur</span> <span class='ocrx_word' id='word_1_236' title='bbox 371 3252 402 3312; x_wconf 88' lang='lat' dir='ltr'>et</span> <span class='ocrx_word' id='word_1_237' title='bbox 424 3250 569 3326; x_wconf 87' lang='lat' dir='ltr'>nanctus,</span> <span class='ocrx_word' id='word_1_238' title='bbox 593 3246 696 3312; x_wconf 87' lang='lat' dir='ltr'>idest</span> <span class='ocrx_word' id='word_1_239' title='bbox 720 3247 862 3332; x_wconf 89' lang='lat' dir='ltr'>adeptus.</span> <span class='ocrx_word' id='word_1_240' title='bbox 908 3247 946 3313; x_wconf 90' lang='lat' dir='ltr'>P.</span> <span class='ocrx_word' id='word_1_241' title='bbox 969 3253 1044 3315; x_wconf 87' lang='grc'><em>276.</em></span> 
     </span>
    </p>

    <p class='ocr_par' dir='ltr' id='par_1_14' title="bbox 155 3351 1327 3437">
     <span class='ocr_line' id='line_1_29' title="bbox 155 3351 1327 3437; baseline 0.002 -21"><span class='ocrx_word' id='word_1_242' title='bbox 155 3351 236 3417; x_wconf 83' lang='lat' dir='ltr'>Res</span> <span class='ocrx_word' id='word_1_243' title='bbox 259 3353 650 3436; x_wconf 87' lang='lat' dir='ltr'>comperendinata</span> <span class='ocrx_word' id='word_1_244' title='bbox 678 3352 839 3437; x_wconf 78' lang='lat' dir='ltr'>significat</span> <span class='ocrx_word' id='word_1_245' title='bbox 861 3353 1011 3418; x_wconf 89' lang='lat' dir='ltr'>iudicium</span> <span class='ocrx_word' id='word_1_246' title='bbox 1034 3356 1067 3419; x_wconf 95' lang='lat' dir='ltr'>in</span> <span class='ocrx_word' id='word_1_247' title='bbox 1090 3357 1222 3421; x_wconf 91' lang='lat' dir='ltr'>tertium</span> <span class='ocrx_word' id='word_1_248' title='bbox 1245 3355 1327 3420; x_wconf 93' lang='lat' dir='ltr'>diem</span> 
     </span>
    </p>

    <p class='ocr_par' dir='ltr' id='par_1_15' title="bbox 155 3455 583 3523">
     <span class='ocr_line' id='line_1_30' title="bbox 155 3455 583 3523; baseline -0.005 -1"><span class='ocrx_word' id='word_1_249' title='bbox 155 3457 408 3522; x_wconf 85' lang='lat' dir='ltr'>constitutum¹¹.</span> <span class='ocrx_word' id='word_1_250' title='bbox 446 3455 484 3521; x_wconf 86' lang='lat' dir='ltr'>P.</span> <span class='ocrx_word' id='word_1_251' title='bbox 507 3462 583 3523; x_wconf 85' lang='lat'><strong><em>283.</em></strong></span> 
     </span>
    </p>

    <p class='ocr_par' dir='ltr' id='par_1_16' title="bbox 155 3562 1328 3648">
     <span class='ocr_line' id='line_1_31' title="bbox 155 3562 1328 3648; baseline 0.002 -20"><span class='ocrx_word' id='word_1_252' title='bbox 155 3562 396 3648; x_wconf 84' lang='lat' dir='ltr'>Resignare</span> <span class='ocrx_word' id='word_1_253' title='bbox 426 3563 551 3648; x_wconf 84' lang='lat' dir='ltr'>antiqui</span> <span class='ocrx_word' id='word_1_254' title='bbox 583 3584 641 3646; x_wconf 90' lang='lat' dir='ltr'>pro</span> <span class='ocrx_word' id='word_1_255' title='bbox 664 3563 835 3628; x_wconf 86' lang='lat' dir='ltr'>rescribere</span> <span class='ocrx_word' id='word_1_256' title='bbox 857 3564 1037 3647; x_wconf 85' lang='lat' dir='ltr'>ponebant,</span> <span class='ocrx_word' id='word_1_257' title='bbox 1069 3570 1105 3630; x_wconf 92' lang='lat' dir='ltr'>ut</span> <span class='ocrx_word' id='word_1_258' title='bbox 1128 3565 1230 3631; x_wconf 88' lang='lat' dir='ltr'>adhuc</span> <span class='ocrx_word' id='word_1_259' title='bbox 1253 3565 1328 3630; x_wconf 88' lang='lat' dir='ltr'>sub·</span> 
     </span>
    </p>

    <p class='ocr_par' dir='ltr' id='par_1_17' title="bbox 157 3668 933 3752">
     <span class='ocr_line' id='line_1_32' title="bbox 157 3668 933 3752; baseline 0 -20"><span class='ocrx_word' id='word_1_260' title='bbox 157 3668 285 3752; x_wconf 83' lang='lat' dir='ltr'>signare</span> <span class='ocrx_word' id='word_1_261' title='bbox 307 3668 439 3732; x_wconf 89' lang='lat' dir='ltr'>dicimus</span> <span class='ocrx_word' id='word_1_262' title='bbox 463 3689 521 3752; x_wconf 87' lang='lat' dir='ltr'>pro</span> <span class='ocrx_word' id='word_1_263' title='bbox 544 3668 749 3733; x_wconf 88' lang='lat' dir='ltr'>subscribere.</span> <span class='ocrx_word' id='word_1_264' title='bbox 795 3668 834 3731; x_wconf 89' lang='lat' dir='ltr'>F.</span> <span class='ocrx_word' id='word_1_265' title='bbox 857 3673 933 3734; x_wconf 85' lang='lat'><strong><em>281.</em></strong></span> 
     </span>
    </p>

    <p class='ocr_par' dir='ltr' id='par_1_18' title="bbox 156 3772 1328 3858">
     <span class='ocr_line' id='line_1_33' title="bbox 156 3772 1328 3858; baseline 0.001 -21"><span class='ocrx_word' id='word_1_266' title='bbox 156 3772 445 3858; x_wconf 83' lang='lat' dir='ltr'>Resignatum</span> <span class='ocrx_word' id='word_1_267' title='bbox 476 3794 527 3838; x_wconf 91' lang='lat' dir='ltr'>aes</span> <span class='ocrx_word' id='word_1_268' title='bbox 558 3772 674 3838; x_wconf 91' lang='lat' dir='ltr'>dicitur</span> <span class='ocrx_word' id='word_1_269' title='bbox 705 3772 820 3854; x_wconf 89' lang='lat' dir='ltr'>militi,</span> <span class='ocrx_word' id='word_1_270' title='bbox 852 3795 924 3837; x_wconf 90' lang='lat' dir='ltr'>cum</span> <span class='ocrx_word' id='word_1_271' title='bbox 955 3774 995 3838; x_wconf 92' lang='lat' dir='ltr'>ob</span> <span class='ocrx_word' id='word_1_272' title='bbox 1020 3775 1169 3840; x_wconf 89' lang='lat' dir='ltr'>delictum</span> <span class='ocrx_word' id='word_1_273' title='bbox 1199 3775 1328 3858; x_wconf 87' lang='lat' dir='ltr'>aliquod</span> 
     </span>
    </p>

    <p class='ocr_par' dir='ltr' id='par_1_19' title="bbox 155 3877 1327 4090">
     <span class='ocr_line' id='line_1_34' title="bbox 155 3877 1327 3966; baseline -0.002 -22"><span class='ocrx_word' id='word_1_274' title='bbox 155 3881 244 3944; x_wconf 87' lang='lat' dir='ltr'>iussu</span> <span class='ocrx_word' id='word_1_275' title='bbox 273 3878 395 3944; x_wconf 88' lang='lat' dir='ltr'>tribuni</span> <span class='ocrx_word' id='word_1_276' title='bbox 427 3880 566 3944; x_wconf 91' lang='lat' dir='ltr'>militum</span> <span class='ocrx_word' id='word_1_277' title='bbox 583 3877 610 3914; x_wconf 74' lang='lat'>¹²</span> <span class='ocrx_word' id='word_1_278' title='bbox 641 3879 674 3942; x_wconf 91' lang='lat' dir='ltr'>in</span> <span class='ocrx_word' id='word_1_279' title='bbox 698 3878 823 3943; x_wconf 86' lang='lat' dir='ltr'>tabulas</span> <span class='ocrx_word' id='word_1_280' title='bbox 858 3879 1010 3957; x_wconf 63' lang='lat' dir='ltr'>refertum</span> <span class='ocrx_word' id='word_1_281' title='bbox 1044 3881 1171 3966; x_wconf 82' lang='lat' dir='ltr'>signare</span> <span class='ocrx_word' id='word_1_282' title='bbox 1186 3879 1214 3916; x_wconf 78' lang='lat'>¹³</span> <span class='ocrx_word' id='word_1_283' title='bbox 1243 3880 1327 3943; x_wconf 91' lang='lat' dir='ltr'>enim</span> 
     </span>
     <span class='ocr_line' id='line_1_35' title="bbox 230 4017 1326 4090; baseline 0.001 -18"><span class='ocrx_word' id='word_1_284' title='bbox 230 4021 255 4084; x_wconf 94' lang='grc'>1)</span> <span class='ocrx_word' id='word_1_285' title='bbox 273 4017 418 4086; x_wconf 83' lang='lat' dir='ltr'>mysticiae</span> <span class='ocrx_word' id='word_1_286' title='bbox 436 4019 509 4086; x_wconf 87' lang='lat' dir='ltr'>cod.,·</span> <span class='ocrx_word' id='word_1_287' title='bbox 527 4019 624 4074; x_wconf 67' lang='lat' dir='ltr'>emam.</span> <span class='ocrx_word' id='word_1_288' title='bbox 637 4019 707 4089; x_wconf 77' lang='lat' dir='ltr'>Any.</span> <span class='ocrx_word' id='word_1_289' title='bbox 725 4049 761 4058; x_wconf 96' lang='lat'>—</span> <span class='ocrx_word' id='word_1_290' title='bbox 779 4019 807 4087; x_wconf 82' lang='grc'>2)</span> <span class='ocrx_word' id='word_1_291' title='bbox 826 4017 855 4072; x_wconf 94' lang='lat' dir='ltr'>id</span> <span class='ocrx_word' id='word_1_292' title='bbox 873 4019 929 4073; x_wconf 87' lang='lat' dir='ltr'>cod.</span> <span class='ocrx_word' id='word_1_293' title='bbox 949 4049 982 4058; x_wconf 92' lang='lat'><em>-</em></span> <span class='ocrx_word' id='word_1_294' title='bbox 1002 4019 1029 4090; x_wconf 85' lang='lat'>3)</span> <span class='ocrx_word' id='word_1_295' title='bbox 1048 4019 1112 4090; x_wconf 89' lang='lat' dir='ltr'>[illa</span> <span class='ocrx_word' id='word_1_296' title='bbox 1130 4036 1180 4088; x_wconf 90' lang='lat' dir='ltr'>pro</span> <span class='ocrx_word' id='word_1_297' title='bbox 1199 4018 1326 4088; x_wconf 89' lang='lat' dir='ltr'>portione</span> 
     </span>
    </p>

    <p class='ocr_par' dir='ltr' id='par_1_20' title="bbox 156 4104 1329 4178">
     <span class='ocr_line' id='line_1_36' title="bbox 156 4104 1329 4178; baseline 0.001 -19"><span class='ocrx_word' id='word_1_298' title='bbox 156 4121 211 4175; x_wconf 71' lang='lat' dir='ltr'>eqo,</span> <span class='ocrx_word' id='word_1_299' title='bbox 241 4105 283 4158; x_wconf 92' lang='lat' dir='ltr'>ita</span> <span class='ocrx_word' id='word_1_300' title='bbox 302 4104 431 4174; x_wconf 88' lang='lat' dir='ltr'>portione</span> <span class='ocrx_word' id='word_1_301' title='bbox 449 4107 510 4174; x_wconf 89' lang='lat' dir='ltr'>(pro</span> <span class='ocrx_word' id='word_1_302' title='bbox 529 4109 589 4175; x_wconf 84' lang='lat' dir='ltr'>om.)</span> <span class='ocrx_word' id='word_1_303' title='bbox 608 4107 663 4161; x_wconf 88' lang='lat' dir='ltr'>cod.</span> <span class='ocrx_word' id='word_1_304' title='bbox 692 4106 743 4160; x_wconf 72' lang='grc' dir='ltr'><em>ΤΗ.</em></span> <span class='ocrx_word' id='word_1_305' title='bbox 762 4107 810 4176; x_wconf 79' lang='grc' dir='ltr'><em>Μ.)</em></span> <span class='ocrx_word' id='word_1_306' title='bbox 838 4135 870 4145; x_wconf 88' lang='lat'>-</span> <span class='ocrx_word' id='word_1_307' title='bbox 890 4109 917 4176; x_wconf 82' lang='grc'>4)</span> <span class='ocrx_word' id='word_1_308' title='bbox 936 4108 1021 4175; x_wconf 86' lang='lat' dir='ltr'>putat</span> <span class='ocrx_word' id='word_1_309' title='bbox 1039 4108 1080 4178; x_wconf 88' lang='lat' dir='ltr'>ut]</span> <span class='ocrx_word' id='word_1_310' title='bbox 1098 4108 1202 4176; x_wconf 88' lang='lat' dir='ltr'>putant</span> <span class='ocrx_word' id='word_1_311' title='bbox 1220 4107 1274 4160; x_wconf 86' lang='lat' dir='ltr'>cod.</span> <span class='ocrx_word' id='word_1_312' title='bbox 1296 4135 1329 4145; x_wconf 95' lang='lat'>—-</span> 
     </span>
    </p>

    <p class='ocr_par' dir='ltr' id='par_1_21' title="bbox 156 4193 1328 4264">
     <span class='ocr_line' id='line_1_37' title="bbox 156 4193 1328 4264; baseline 0 -16"><span class='ocrx_word' id='word_1_313' title='bbox 156 4197 183 4263; x_wconf 83' lang='grc'>5)</span> <span class='ocrx_word' id='word_1_314' title='bbox 203 4193 251 4262; x_wconf 91' lang='lat' dir='ltr'>qui</span> <span class='ocrx_word' id='word_1_315' title='bbox 270 4211 327 4249; x_wconf 90' lang='lat' dir='ltr'>non</span> <span class='ocrx_word' id='word_1_316' title='bbox 344 4194 402 4247; x_wconf 89' lang='lat' dir='ltr'>iarn</span> <span class='ocrx_word' id='word_1_317' title='bbox 419 4196 475 4249; x_wconf 85' lang='lat' dir='ltr'>eod.</span> <span class='ocrx_word' id='word_1_318' title='bbox 494 4225 528 4234; x_wconf 91' lang='lat'>-</span> <span class='ocrx_word' id='word_1_319' title='bbox 546 4197 573 4264; x_wconf 84' lang='lat'>6)</span> <span class='ocrx_word' id='word_1_320' title='bbox 592 4195 689 4264; x_wconf 89' lang='lat' dir='ltr'>alquid</span> <span class='ocrx_word' id='word_1_321' title='bbox 701 4196 757 4250; x_wconf 86' lang='lat' dir='ltr'>cod.</span> <span class='ocrx_word' id='word_1_322' title='bbox 776 4226 811 4235; x_wconf 95' lang='lat'><em>-</em></span> <span class='ocrx_word' id='word_1_323' title='bbox 829 4197 856 4264; x_wconf 85' lang='grc'>7)</span> <span class='ocrx_word' id='word_1_324' title='bbox 874 4195 1082 4264; x_wconf 70' lang='lat' dir='ltr'>quodamsed.</span> <span class='ocrx_word' id='word_1_325' title='bbox 1102 4224 1136 4233; x_wconf 90' lang='lat'>·-</span> <span class='ocrx_word' id='word_1_326' title='bbox 1154 4193 1182 4262; x_wconf 87' lang='lat'>8)</span> <span class='ocrx_word' id='word_1_327' title='bbox 1202 4193 1328 4264; x_wconf 77' lang='lat' dir='ltr'>[fortasse</span> 
     </span>
    </p>

    <p class='ocr_par' dir='ltr' id='par_1_22' title="bbox 156 4280 1327 4352">
     <span class='ocr_line' id='line_1_38' title="bbox 156 4280 1327 4352; baseline -0.001 -16"><span class='ocrx_word' id='word_1_328' title='bbox 156 4298 251 4351; x_wconf 88' lang='lat' dir='ltr'>aeque.</span> <span class='ocrx_word' id='word_1_329' title='bbox 274 4280 323 4337; x_wconf 79' lang='lat' dir='ltr'>Ta.</span> <span class='ocrx_word' id='word_1_330' title='bbox 337 4281 384 4351; x_wconf 85' lang='grc' dir='ltr'><em>Μ.)</em></span> <span class='ocrx_word' id='word_1_331' title='bbox 405 4313 439 4321; x_wconf 93' lang='grc'><strong>-</strong></span> <span class='ocrx_word' id='word_1_332' title='bbox 458 4284 483 4348; x_wconf 90' lang='grc'>9)</span> <span class='ocrx_word' id='word_1_333' title='bbox 503 4280 539 4335; x_wconf 93' lang='lat' dir='ltr'>ad</span> <span class='ocrx_word' id='word_1_334' title='bbox 558 4282 613 4336; x_wconf 87' lang='lat' dir='ltr'>cod.</span> <span class='ocrx_word' id='word_1_335' title='bbox 634 4312 664 4320; x_wconf 95' lang='lat'><em>-</em></span> <span class='ocrx_word' id='word_1_336' title='bbox 686 4283 727 4352; x_wconf 89' lang='grc'>10)</span> <span class='ocrx_word' id='word_1_337' title='bbox 746 4280 808 4351; x_wconf 84' lang='lat' dir='ltr'>ipsa.</span> <span class='ocrx_word' id='word_1_338' title='bbox 826 4281 967 4352; x_wconf 86' lang='lat' dir='ltr'>opposivit</span> <span class='ocrx_word' id='word_1_339' title='bbox 984 4281 1058 4334; x_wconf 79' lang='lat' dir='ltr'>Mac.</span> <span class='ocrx_word' id='word_1_340' title='bbox 1078 4311 1110 4318; x_wconf 86' lang='lat'><em>-</em></span> <span class='ocrx_word' id='word_1_341' title='bbox 1132 4282 1175 4349; x_wconf 93' lang='grc'>11)</span> <span class='ocrx_word' id='word_1_342' title='bbox 1194 4281 1327 4335; x_wconf 91' lang='lat' dir='ltr'>iudicium</span> 
     </span>
    </p>

    <p class='ocr_par' dir='ltr' id='par_1_23' title="bbox 160 4367 1327 4440">
     <span class='ocr_line' id='line_1_39' title="bbox 160 4367 1327 4440; baseline 0.001 -18"><span class='ocrx_word' id='word_1_343' title='bbox 160 4367 277 4422; x_wconf 88' lang='lat' dir='ltr'>tertium</span> <span class='ocrx_word' id='word_1_344' title='bbox 295 4370 479 4424; x_wconf 87' lang='lat' dir='ltr'>constitutum</span> <span class='ocrx_word' id='word_1_345' title='bbox 497 4371 537 4422; x_wconf 88' lang='lat' dir='ltr'>M.</span> <span class='ocrx_word' id='word_1_346' title='bbox 558 4401 590 4409; x_wconf 90' lang='lat'>—</span> <span class='ocrx_word' id='word_1_347' title='bbox 611 4369 654 4438; x_wconf 82' lang='lat'>12)</span> <span class='ocrx_word' id='word_1_348' title='bbox 671 4387 705 4422; x_wconf 89' lang='lat' dir='ltr'>ne</span> <span class='ocrx_word' id='word_1_349' title='bbox 725 4369 895 4440; x_wconf 87' lang='lat' dir='ltr'>stipendium</span> <span class='ocrx_word' id='word_1_350' title='bbox 913 4369 938 4423; x_wconf 92' lang='lat' dir='ltr'>ei</span> <span class='ocrx_word' id='word_1_351' title='bbox 957 4368 1040 4424; x_wconf 87' lang='lat' dir='ltr'>detur</span> <span class='ocrx_word' id='word_1_352' title='bbox 1056 4369 1150 4422; x_wconf 75' lang='lat' dir='ltr'>inserit</span> <span class='ocrx_word' id='word_1_353' title='bbox 1164 4367 1275 4424; x_wconf 80' lang='lat' dir='ltr'>Paulus.</span> <span class='ocrx_word' id='word_1_354' title='bbox 1294 4401 1327 4409; x_wconf 96' lang='lat'>—</span> 
     </span>
    </p>

    <p class='ocr_par' dir='ltr' id='par_1_24' title="bbox 157 4455 435 4526">
     <span class='ocr_line' id='line_1_40' title="bbox 157 4455 435 4526; baseline 0.014 -18"><span class='ocrx_word' id='word_1_355' title='bbox 157 4455 199 4526; x_wconf 88' lang='grc'>13)</span> <span class='ocrx_word' id='word_1_356' title='bbox 218 4456 361 4524; x_wconf 84' lang='lat' dir='ltr'>resignare</span> <span class='ocrx_word' id='word_1_357' title='bbox 380 4458 435 4512; x_wconf 85' lang='lat' dir='ltr'>cod.</span> 
     </span>
    </p>
   </div>
   <div class='ocr_carea' id='block_1_5' title="bbox 0 0 1600 5148">
    <p class='ocr_par' dir='ltr' id='par_1_25' title="bbox 0 0 1600 5148">
     <span class='ocr_line' id='line_1_41' title="bbox 0 0 1600 5148; baseline 0 1"><span class='ocrx_word' id='word_1_358' title='bbox 0 0 1600 5148; x_wconf 95' lang='lat' dir='ltr'> </span> 
     </span>
    </p>
   </div>
  </div>
 </body>
</html>
