3194 5154
16 299 18 422 t
584 349 641 405 ch
658 349 732 404 Iulia
751 349 874 420 agraria.
1278 354 1321 421 95

236 527 275 592 Κ.
294 526 371 592 LV.
403 526 464 603 Qui
479 526 540 592 hac
555 526 625 612 lega
640 527 795 592 coloniam
811 524 984 608 deduxerit,
1007 527 1214 613 municipium
1229 551 1321 613 prac-

149 633 305 699 fccturam
326 633 432 698 forum
447 633 708 698 conciliabuluml
731 632 942 710 constituerit,
965 633 999 696 in
1015 654 1051 698 co
1068 654 1156 719 agro,
1175 634 1230 718 qui
1246 655 1322 719 ager

149 739 235 804 intra
257 739 337 806 fines
360 735 442 803 eius⁹
466 737 607 802 coloniae
629 738 794 822 municipii
810 736 874 802 fori
889 729 1091 804 conciliabuli
1107 739 1323 824 praefecturae

150 845 220 924 crit,
247 844 367 908 limites
390 843 617 927 dccumaniqua
639 847 676 908 ut
698 843 779 908 fiant
797 843 988 928 terminique
1003 846 1186 912 statuantur
1200 848 1322 912 curato:

152 947 309 1033 quosqua³
332 947 412 1013 fines
433 949 481 1012 ita
495 949 654 1028 statuerit,
677 949 717 1013 ii4
740 950 819 1013 fines
835 970 944 1013 eorum
960 951 1064 1028 sunto,
1088 949 1164 1015 dum
1174 971 1218 1018 aa
1233 953 1323 1016 extra

152 1075 265 1138 agrum
296 1054 473 1120 colonicum
506 1053 757 1120 territoriumve⁶
789 1054 868 1118 fines
900 1054 1004 1118 ducat.
1050 1052 1174 1138 Quique
1196 1053 1324 1118 termini

152 1157 211 1222 hac
232 1159 306 1244 lege
328 1159 442 1224 statuti
465 1163 569 1239 erunt„
592 1159 719 1243 nequis
734 1181 843 1226 eorum
856 1181 953 1243 quem
968 1159 1061 1226 aicito
1076 1181 1155 1224 nave
1170 1159 1238 1226 loco
1254 1181 1323 1228 suo-

154 1268 223 1330 ucto
247 1265 349 1330 scions
373 1265 445 1332 dolo
467 1265 561 1332 malo.
607 1263 641 1334 Si
664 1265 735 1349 quis
766 1266 915 1330 adversus
938 1285 974 1328 aa
996 1262 1123 1343 facerit,
1154 1264 1237 1330 isin
1258 1269 1323 1330 tar-

152 1369 256 1434 minos
274 1368 439 1454 singulosss
474 1392 553 1454 quos
576 1369 701 1434 eiecerit
724 1370 830 1433 locove
853 1369 988 1436 moverit
1010 1369 1110 1434 sciens
1134 1368 1205 1434 dolo
1227 1369 1322 1448 raaia,

153 1471 206 1540 HS
229 1471 262 1537 V
284 1473 403 1557 odilia)
435 1476 631 1559 ammarum)
662 1475 696 1539 in
726 1474 889 1558 publicum
917 1497 1042 1553 corum,
1077 1495 1212 1559 quorum
1238 1474 1324 1539 intra

152 1577 227 1642 finos
258 1578 286 1642 is
317 1600 395 1664 agar
417 1580 495 1658 crit,
529 1580 604 1648 darc
626 1581 758 1648 damnas
781 1580 885 1660 esto⁰3
918 1581 1020 1665 deque
1042 1601 1079 1645 aa
1101 1601 1135 1644 ra
1157 1580 1323 1659 curatoris,

153 1684 204 1768 qui
235 1683 301 1752 hac
322 1684 398 1771 tege
419 1686 499 1766 erit,
530 1686 728 1755 iurisdictio
750 1687 1057 1770 raciparatommqua
1079 1686 1166 1750 datio
1188 1684 1325 1750 addictio

155 1792 229 1853 esto.
274 1787 357 1860 dum
386 1795 513 1857 curator
541 1789 604 1860 hac
636 1790 707 1875 laga
729 1812 793 1860 non
816 1791 886 1871 erit,
916 1795 986 1860 tum
1009 1791 1200 1876 quicumque
1222 1790 1325 1875 magi·

153 1895 271 1960 atratus
306 1894 339 1960 in
366 1917 409 1966 ca
439 1895 563 1966 atoma
591 1895 763 1980 municipio
794 1895 994 1980 praefectura
1023 1894 1094 1965 foro
1116 1895 1325 1965 conciliabulo

156 1997 222 2062 iure
245 1997 382 2066 dicundo
402 1999 552 2084 qiracarit„
582 2000 650 2066 cius
672 2001 880 2085 magistratus
902 2001 940 2070 da
963 2023 1001 2068 aa
1022 2022 1057 2068 re
1076 1999 1253 2070 iurisdictio
1275 2000 1324 2064 iu-

156 2103 295 2193 diciaque
325 2106 412 2174 datio
442 2105 579 2176 addictio
606 2110 690 2184 astos
721 2107 818 2190 inque
839 2128 909 2172 eam
929 2128 998 2174 ram
1016 2105 1064 2184 is,
1093 2105 1152 2189 qui
1173 2104 1234 2170 hac
1254 2103 1326 2189 lego

157 2208 309 2276 iudicium
331 2211 462 2290 dederit,
493 2212 629 2280 testibus
651 2212 777 2296 publice
798 2212 965 2278 dumtaxat
986 2212 1020 2275 in
1042 2233 1092 2275 ros
1115 2210 1257 2294 singulas
1278 2207 1325 2275 X⁷

153 2313 360 2383 denuntiandi
382 2319 572 2400 potestatem
587 2316 685 2384 facito
707 2316 763 2395 ita,
787 2319 824 2382 ut
846 2316 907 2380 cic
926 2314 1106 2399 republica
1123 2313 1247 2399 fideque
1269 2337 1327 2378 sua

155 2419 324 2487 videbitur.
370 2421 464 2492 Etsi
486 2423 531 2504 is,
562 2422 649 2488 unda
671 2445 707 2488 ea
728 2422 862 2506 pecunia
884 2421 985 2505 potita
1007 2420 1077 2499 erit,
1100 2419 1326 2484 condemnatus

155 2525 230 2605 erit,
262 2548 332 2592 eam
362 2529 529 2610 pecuniam
561 2529 601 2593 ab
633 2550 669 2593 co
700 2529 777 2593 devo
798 2527 890 2593 bonis
912 2526 979 2593 aius
1001 2525 1105 2610 primo
1129 2546 1255 2609 quoque
1276 2525 1327 2589 dic

157 2629 295 2714 exigito;
318 2631 448 2718 eiusque
470 2633 622 2718 pecuniae
645 2633 729 2718 quod
752 2636 912 2717 receptum
935 2631 996 2696 erit
1017 2633 1141 2715 partem
1163 2628 1327 2695 dimidiam

157 2733 193 2818 ei,
224 2735 314 2802 cuius
337 2736 431 2804 unius
453 2759 549 2822 opera
571 2738 708 2808 maxime
731 2738 758 2803 is
781 2737 1006 2803 condemnatus
1029 2736 1105 2814 erit,
1129 2733 1231 2815 dato⁸‚
1253 2757 1327 2819 par·

156 2842 221 2904 tam
243 2836 408 2910 dimidiam
430 2843 465 2908 in
484 2843 650 2928 ¹publicum
672 2842 818 2928 rodigito.
854 2841 923 2919 Quo
944 2863 982 2906 ex
999 2841 1067 2906 loco
1081 2839 1236 2904 terminus
1252 2839 1326 2907 aba·

156 2943 208 3024 rit,
229 2945 261 3010 si
284 2946 354 3030 quis
375 2947 411 3014 in
433 2970 505 3018 eum
528 2949 630 3013 locum
647 2947 819 3013 terminum
834 2947 1001 3012 restituere
1016 2945 1112 3025 volct,
1135 2945 1203 3014 sine
1216 2944 1328 3014 fraudo

155 3070 211 3114 sua
235 3049 331 3116 h'ccto
353 3052 474 3134 facere,
506 3074 585 3120 neve
610 3052 689 3138 quid
710 3053 761 3116 cui
783 3052 811 3118 is
833 3052 874 3116 ob
897 3073 967 3116 eam
990 3071 1057 3118 ram
1079 3048 1140 3114 hac
1161 3049 1233 3135 lege
1254 3050 1329 3114 dare
1427 3037 1430 3045 ’

155 3154 288 3221 damnas
310 3161 387 3223 osto.

316 3333 363 3396 1¹¹5.
381 3332 468 3400 'Lex
489 3333 652 3398 Rubria
674 3334 718 3399 de
741 3331 890 3399 Gallia
912 3330 1172 3417 Cisalpina.⁹

156 3471 211 3558 ,Η
225 3471 349 3536 iussum
369 3473 581 3539 iudicatumvc
603 3474 674 3554 crit,
705 3474 738 3539 id
759 3477 865 3538 ratum
886 3495 926 3536 nc
949 3476 1033 3551 csto;
1064 3473 1211 3558 quodque
1232 3472 1375 3561 quial-Li

156 3578 418 3663 quc1quomq(uo)
440 3579 507 3662 (ἰῷ)
523 3579 589 3664 c(a)
612 3578 677 3664 r(c)
692 3579 837 3644 decernet
851 3577 1071 3644 intardeicetvc
1085 3579 1170 3644 saiva
1184 3580 1329 3664 sponsio-

228 3825 254 3894 1,)
278 3820 466 3880 conciliabula
483 3821 554 3876 latri.
583 3851 616 3862 —-
635 3823 662 3893 2)
682 3821 789 3893 eiusqui
815 3823 856 3878 oei
874 3822 1005 3892 eiusquas
1024 3822 1095 3878 lura.
1122 3851 1157 3864 -
1175 3825 1203 3890 3)
1221 3839 1330 3893 quoquo

156 3911 196 3967 ccl
215 3910 319 3981 quiquo
337 3910 407 3964 istri.
428 3940 460 3949 -
478 3908 506 3979 4)
523 3908 555 3980 ii]
575 3910 600 3964 si
618 3911 682 3966 latri
700 3912 758 3981 ciii,
777 3913 828 3967 alii
844 3928 894 3968 om.
913 3943 947 3956 -
966 3913 992 3981 5)
1010 3911 1055 3981 vs]
1079 3913 1112 3968 ut
1130 3912 1194 3966 latia?
1204 3911 1261 3978 alti,
1281 3911 1332 3964 ciii

158 4015 206 4053 ora
227 4029 254 4038 -
279 4001 306 4068 6)
327 3998 394 4053 dare
412 3998 533 4052 damnas
544 3999 613 4070 osto]
635 3999 731 4056 adesto
744 4001 815 4054 acm
830 4031 861 4042 -
880 4001 906 4068 7)
927 3999 962 4070 Χ]
983 3999 1135 4068 forfactum
1148 3987 1221 4067 {a}
1246 3987 1331 4054 calm

158 4103 175 4138 x
195 4083 277 4140 milia
294 4085 336 4142 cel
355 4083 529 4140 scdsitertius
548 4084 643 4140 decom
661 4085 742 4140 milia
759 4086 829 4143 libri.
851 4117 887 4126 -
911 4086 939 4156 8)
957 4086 1026 4142 dato
1044 4103 1093 4142 oca
1113 4086 1182 4140 lctrd.
1201 4116 1235 4126 -
1253 4087 1281 4154 9)
1302 4086 1330 4142 0.

158 4172 182 4226 1.
201 4172 236 4227 a.
254 4175 326 4240 1‚115
345 4191 372 4228 a.
390 4175 452 4247 205,
481 4170 527 4228 Bi.
546 4173 599 4229 tau
618 4176 661 4228 aa.
678 4203 714 4218 -
730 4173 762 4230 Ε
778 4173 871 4229 toccu
888 4174 990 4229 omma
1008 4174 1043 4245 (a.
1057 4176 1117 4242 aar
1128 4191 1172 4241 a,
1191 4173 1330 4244 rocam)

158 4277 183 4315 a.
199 4263 270 4316 1760
287 4262 358 4316 iuter
373 4262 524 4330 parietinas
547 4261 649 4317 Veledae
672 4263 799 4332 caracae
822 4264 852 4318 ia
868 4264 928 4318 uico
944 4262 1097 4320 Muciae-rao
1115 4277 1201 4331 prope
1217 4261 1331 4316 Placea-

159 4349 225 4407 tt'ura
242 4354 356 4422 rqera,
374 4349 452 4404 dodra
471 4350 587 4404 Parcae
603 4350 752 4408 adseruato.
788 4349 905 4406 Dicutm
922 4351 1052 4410 alanna
1069 4350 1200 4420 amcrr'qotc
1218 4354 1271 4418 σείς
1289 4365 1331 4406 ca-

156 4437 217 4506 pito
233 4451 290 4490 noa
307 4436 394 4490 aotam
411 4437 499 4492 eodem
517 4454 571 4508 qao
590 4439 621 4493 io
633 4439 650 4492 l.
663 4437 741 4494 Ocra.
760 4437 1055 4509 accomodatarum,
1073 4437 1120 4498 aad
1129 4436 1333 4495 massonam
